3175 5050
651 435 776 503 182
1423 432 1798 489 Claudiani
1832 433 2151 488 Mamerti

645 634 778 694 tur
837 624 1168 691 inclusa.
1242 623 1297 690 si
1356 624 1526 690 intra
1585 623 1873 708 saeptum
1932 621 2221 705 corporis,
2283 625 2355 686 ut
2413 627 2485 686 tu
2528 622 2643 701 ais,
2704 622 2908 688 anima

647 731 955 807 mouetur,
1005 727 1299 794 uidelicet
1344 726 1518 792 stans
1550 729 1857 802 mouetur,
1889 725 2055 808 quod
2086 725 2214 791 dici
2246 726 2486 792 ratione
2513 745 2637 820 non
2668 727 2907 792 sinitur.
3070 678 3072 790 4

647 831 747 898 sin
791 849 940 897 uero
985 831 1162 896 extra
1205 847 1428 912 eorpus
1473 828 1749 894 motibus
1796 828 2102 903 differtur,
2147 828 2390 902 inclusa
2419 828 2614 910 igitur
2644 829 2908 894 condici-
3071 817 3072 830 ³

649 953 766 1000 one
823 933 1210 1000 substantiae
1266 951 1387 998 non
1447 934 1715 999 tenetur.
1784 932 1923 1014 quis
1977 935 2189 996 autem
2241 930 2402 997 dicit
2452 932 2599 998 solis
2642 933 2911 999 motibus

647 1038 860 1119 uaga?
917 1034 1095 1118 quasi
1162 1034 1505 1118 quidquam
1572 1033 1792 1118 uagari
1862 1034 2058 1117 possit
2114 1034 2425 1100 inmotum
2486 1039 2596 1105 aut
2652 1053 2784 1102 non
2838 1037 2912 1100 sit
2946 1055 2965 1094 ⁵

648 1137 896 1205 facilius
941 1141 1176 1204 moueri
1220 1142 1284 1202 et
1327 1156 1451 1203 non
1497 1137 1733 1220 uagari,
1778 1137 1941 1219 quod
1972 1135 2125 1201 facit
2155 1137 2405 1224 animus
2436 1156 2549 1220 per
2578 1137 2912 1217 adfectum,

650 1242 798 1326 quia
842 1241 1127 1308 subiacet
1169 1243 1386 1323 utique
1430 1241 1635 1306 motui
1678 1258 1801 1306 non
1844 1241 2191 1306 secundum
2218 1242 2444 1324 locum,
2478 1259 2670 1324 quam
2706 1247 2915 1323 uagari

650 1345 970 1428 quippiam
1015 1364 1133 1410 nec
1178 1345 1436 1430 moueri,
1483 1345 1646 1427 quod
1691 1348 1789 1410 est
1833 1344 2050 1426 utique
2094 1344 2412 1426 proprium
2446 1343 2748 1428 corporis,
2780 1345 2916 1426 quia

651 1447 933 1513 subiacet
979 1452 1042 1512 et
1085 1449 1348 1513 motioni
1390 1466 1503 1530 per
1547 1447 1777 1512 locum.
1859 1450 1931 1511 tu
1975 1464 2119 1512 uero
2166 1446 2348 1512 illam
2394 1450 2457 1512 et
2496 1451 2659 1512 stare
2694 1465 2915 1531 uagam

653 1555 716 1615 et
776 1551 996 1632 uagari
1055 1549 1211 1615 dicis
1275 1550 1601 1626 inclusam,
1664 1567 1825 1627 cum,
1888 1549 2049 1613 sicut
2094 1567 2283 1632 supra
2331 1549 2457 1615 iam
2502 1550 2815 1628 constitit,
2862 1553 2916 1613 et
2930 1573 2968 1610 ιο

649 1655 820 1719 moto
867 1671 1116 1736 corpore
1161 1652 1502 1718 consistere
1551 1654 1615 1717 et
1668 1651 1909 1716 moueri
1953 1652 2153 1733 possit
2196 1653 2460 1718 inmoto.
2824 1681 2833 1690 ·
3074 1596 3076 1738 1

733 1757 828 1822 En
873 1761 1175 1840 quatenus
1223 1757 1298 1821 de
1341 1755 1661 1821 localitate
1706 1755 1946 1820 animae
1991 1755 2416 1837 disputauisti‚
2462 1757 2529 1821 in
2562 1756 2681 1821 hoc
2710 1759 2916 1820 tamen
3075 1753 3076 1768 ²

647 1861 844 1926 temet
887 1859 1182 1943 ignauiae
1227 1879 1352 1926 non
1393 1878 1659 1924 arcesso.
1735 1858 1898 1922 illud
1947 1859 2233 1941 equidem
2264 1858 2628 1942 nequiuisti,
2676 1858 2916 1924 scilicet

650 1964 812 2044 quod
856 1963 922 2028 in
967 1963 1082 2028 hoc
1125 1965 1490 2046 praesertim
1529 1963 1669 2028 loco
1701 1981 1777 2028 ne
1810 1963 2175 2044 potissimus
2206 1966 2410 2028 orator
2441 1962 2709 2046 quisque
2740 1968 2917 2045 potu-

648 2065 822 2143 isset,
882 2066 1275 2148 quantalibet
1317 2065 1485 2130 enim
1553 2066 1799 2130 dicendi
1860 2066 2038 2150 copia
2081 2067 2403 2148 praeditus
2448 2067 2732 2131 adsertor
2778 2064 2919 2129 falsi
2932 2087 2970 2126 15

651 2170 872 2234 contra
914 2168 1304 2251 perspicuam
1347 2169 1682 2233 ueritatem
1726 2170 1982 2233 mentiri
2018 2171 2241 2250 potest,
2290 2169 2508 2233 fallere
2540 2185 2663 2232 non
2694 2169 2918 2250 potest.
3077 2189 3078 2254 ξ

651 2273 730 2336 de
774 2271 1132 2354 quantitate
1177 2274 1389 2336 autem
1435 2289 1544 2337 cur
1589 2273 1652 2336 te
1696 2271 2165 2353 disputaturum
2208 2273 2606 2353 spoponderis
2639 2272 2920 2355 nihilque

652 2376 728 2439 de
774 2378 988 2440 eadem
1035 2373 1419 2453 disserueris,
1467 2393 1590 2439 non
1636 2393 1888 2459 possum
1923 2375 2263 2440 -obliuionis
2296 2376 2489 2440 fuisse
2521 2375 2749 2455 dicere,
2786 2394 2921 2440 cum

651 2478 804 2543 satis
852 2479 1088 2544 constet
1131 2496 1208 2543 ne
1252 2495 1479 2545 nomen
1523 2477 1654 2543 eius
1692 2477 1817 2543 nisi
1871 2496 1942 2543 ex
1996 2478 2299 2544 memoria
2328 2479 2605 2562 potuisse
2637 2477 2919 2562 proferri.

650 2583 811 2647 illud
859 2600 1002 2665 ergo
1049 2582 1251 2666 magis
1298 2581 1677 2647 credendum
1726 2583 1824 2645 est
1865 2582 1930 2644 te
1976 2601 2099 2646 non
2144 2582 2422 2647 noluisse
2483 2584 2595 2646 aut
2649 2582 2975 2647 oblitumso

647 2685 841 2752 fuisse
903 2686 1126 2763 dicere,
1189 2685 1297 2749 sed
1356 2686 1515 2750 nihil
1576 2686 1739 2768 quod
1802 2687 2035 2750 diceres
2087 2685 2423 2749 inuenisse.
2502 2684 2649 2768 quid
2698 2684 2922 2750 itidem

652 2790 936 2873 congruit
997 2789 1099 2853 uel
1145 2788 1212 2852 in
1273 2787 1763 2870 disputationem
1826 2806 2049 2852 uocare
2110 2790 2425 2853 reticenda
2496 2788 2601 2852 uel
2662 2789 2922 2853 reticere

654 2893 1020 2976 proposita?
1063 2892 1190 2955 iam
1236 2892 1312 2955 de
1361 2891 1664 2974 qualitate
1704 2892 2127 2955 controuersia
2179 2910 2301 2955 non
2334 2891 2471 2970 erit,
2506 2890 2611 2954 cui
2640 2892 2924 2955 animam

653 2996 975 3061 subiacere
1021 3012 1141 3058 non
1178 2994 1373 3069 renui,
1421 3012 1578 3075 quae
1625 2993 1867 3058 scilicet
1912 2994 1985 3066 si,
2034 2997 2107 3058 ut
2152 2994 2545 3075 quantitatiS,
2591 2994 2690 3058 ita
2737 2993 2923 3057 etiam

761 3216 789 3269 1
828 3216 950 3267 tute
990 3211 1045 3267 G
1239 3185 1320 3266 offis
1359 3220 1417 3281 (g
1452 3212 1516 3266 in
1548 3216 1680 3276 rac.)
1716 3213 1801 3277 B,
1863 3212 1982 3281 agis
2020 3212 2078 3267 R
2284 3212 2318 3265 2
2354 3214 2527 3283 stans]
2566 3213 2698 3269 flens
2738 3216 2796 3270 G

655 3316 795 3371 ratio
831 3318 885 3370 A
1091 3316 1127 3369 3
1161 3316 1210 3369 si
1245 3313 1356 3369 Mb
1552 3314 1793 3369 defertur
1826 3314 1958 3369 Εἰς
1986 3314 2125 3381 Sch„
2184 3280 2437 3369 differtur
2473 3316 2527 3370 L
2720 3292 2926 3372 inclasa

655 3404 704 3459 S
888 3403 919 3456 7
957 3402 1101 3473 quia]
1138 3401 1232 3471 qui
1266 3418 1306 3471 p
1492 3402 1769 3455 subiaceat
1803 3401 1881 3456 Βι
2075 3402 2108 3455 9
2146 3402 2421 3457 subiaceat
2453 3402 2535 3457 131
2711 3407 2769 3459 et
2798 3409 2925 3473 post

652 3490 894 3545 subiacet
918 3505 1018 3544 om.
1045 3489 1176 3543 libri
1190 3493 1419 3557 praeter
1441 3488 1515 3542 M
1537 3493 1591 3541 et
1617 3487 1736 3542 Βοὴ.
1932 3487 1999 3541 10
2023 3504 2219 3557 uagare
2242 3489 2299 3544 R
2490 3489 2557 3542 11
2582 3491 2749 3560 moto]
2776 3506 2927 3545 nemo

651 3572 886 3627 ABDF
1052 3574 1280 3627 immota
1305 3575 1375 3643 1⁹²
1551 3572 1616 3627 12
1652 3573 1929 3628 lacalitate
1963 3574 2019 3630 R
2192 3578 2409 3628 atamen
2442 3576 2497 3628 A
2674 3577 2742 3630 14
2777 3592 2923 3645 prae-

653 3676 830 3713 seram
856 3658 926 3724 B,
974 3659 1244 3727 praesenti
1267 3659 1343 3714 M
1362 3665 1522 3724 (corr.
1546 3660 1612 3714 in
1634 3662 1827 3729 mat-9.)
1851 3659 2103 3724 editores,
2150 3663 2267 3715 erat
2292 3676 2538 3729 praesens
2561 3661 2637 3729 D,
2682 3678 2926 3731 praesens

653 3749 772 3800 erat
795 3744 912 3800 EF
1042 3760 1138 3799 nec
1161 3745 1274 3799 Mb
1424 3744 1490 3799 15
1515 3745 1728 3799 adserto
1752 3745 1809 3800 R
1959 3746 2025 3800 16
2046 3747 2323 3815 pspicuam
2346 3747 2433 3811 M,
2469 3748 2712 3816 spicuam
2735 3749 2794 3804 R

652 3834 885 3888 mentire
920 3831 978 3888 R
1163 3830 1229 3885 17
1265 3831 1514 3901 quantite
1547 3832 1605 3884 A
1782 3831 1846 3885 19
1882 3832 2017 3884 satis
2054 3832 2280 3900 constet]
2320 3833 2431 3885 stet
2466 3832 2522 3888 R
2695 3851 2765 3888 ne
2799 3838 2923 3889 nr‘fin

654 3920 751 3985 M,
811 3918 1078 3972 neminem
1115 3917 1147 3971 b
1336 3916 1574 3985 proferre
1609 3917 1665 3973 R
1859 3916 1931 3971 20
1965 3934 2089 3987 ergo
2126 3916 2321 3986 magis]
2361 3918 2505 3972 enim
2540 3935 2700 3989 mage
2738 3921 2793 3976 G

651 4023 860 4077 noluise
883 4038 956 4076 ex
980 4021 1218 4075 uoluisse
1253 4020 1350 4087 M,
1406 4019 1637 4073 uoluisse
1670 4021 1702 4075 b
1876 3993 2051 4075 {blitu
2089 4019 2136 4074 S
2298 4022 2365 4075 21
2406 4021 2559 4092 quid]
2599 4038 2695 4077 cur
2722 4025 2792 4092 10²

654 4106 856 4162 ididem
890 4106 1129 4174 AR‘M,
1187 4106 1245 4160 id
1279 4105 1470 4159 itidem
1504 4108 1574 4173 1²²
1782 4104 1849 4159 22
1896 4105 2177 4159 redicenda
2218 4105 2642 4173 BDE¹FH¹R,
2703 4108 2925 4162 dicenda

655 4192 778 4248 Sch.
985 4192 1055 4247 23
1106 4192 1348 4247 animum
1399 4190 1715 4246 ABDE¹F
1925 4191 1995 4246 24
2046 4193 2198 4245 renui
2250 4190 2461 4247 E'GM
2470 4232 2483 4257 ,
2541 4194 2761 4247 rennuit
2818 4192 2924 4257 CR,

655 4279 839 4333 renuit
890 4278 1006 4333 rell.
1045 4285 1098 4333 et
1133 4279 1256 4334 Βοὴ.
1476 4278 1627 4347 quae]
1685 4278 1733 4331 si
1785 4277 1915 4333 add.
1968 4278 2098 4333 libri
2142 4282 2371 4346 praeter
2422 4278 2549 4333 AM
2582 4284 2634 4333 et
2671 4278 2792 4335 Sch-

656 4364 818 4417 sicuti
853 4362 982 4419 libri
1009 4369 1238 4431 praeter
1271 4363 1365 4429 M,
1426 4365 1568 4417 sicut
1606 4362 1728 4418 Solu.
