<?xml version="1.0" encoding="UTF-8"?>
<!DOCTYPE html PUBLIC "-//W3C//DTD XHTML 1.0 Transitional//EN"
    "http://www.w3.org/TR/xhtml1/DTD/xhtml1-transitional.dtd">
<html xmlns="http://www.w3.org/1999/xhtml" xml:lang="en" lang="en">
 <head>
  <title>
</title>
<meta http-equiv="Content-Type" content="text/html;charset=utf-8" />
  <meta name='ocr-system' content='tesseract 3.04.00' />
  <meta name='ocr-capabilities' content='ocr_page ocr_carea ocr_par ocr_line ocrx_word'/>
</head>
<body>
  <div class='ocr_page' id='page_1' title='image "./corpusscriptoru28wiengoog_0279.png"; bbox 0 0 3175 5050; ppageno 0'>
   <div class='ocr_carea' id='block_1_1' title="bbox 959 434 2585 511">
    <p class='ocr_par' dir='ltr' id='par_1_1' title="bbox 959 434 2585 511">
     <span class='ocr_line' id='line_1_1' title="bbox 959 434 2585 511; baseline 0.006 -22"><span class='ocrx_word' id='word_1_1' title='bbox 959 435 1050 489; x_wconf 88' lang='lat' dir='ltr'>De</span> <span class='ocrx_word' id='word_1_2' title='bbox 1085 437 1277 490; x_wconf 85' lang='lat' dir='ltr'>statu</span> <span class='ocrx_word' id='word_1_3' title='bbox 1313 434 1578 490; x_wconf 85' lang='lat' dir='ltr'>animae</span> <span class='ocrx_word' id='word_1_4' title='bbox 1614 436 1944 506; x_wconf 78' lang='lat' dir='ltr'><strong>epilogus.</strong></span> <span class='ocrx_word' id='word_1_5' title='bbox 2458 442 2585 511; x_wconf 87' lang='lat'>195</span> 
     </span>
    </p>
   </div>
   <div class='ocr_carea' id='block_1_2' title="bbox 261 623 2590 2571">
    <p class='ocr_par' dir='ltr' id='par_1_2' title="bbox 261 623 2590 2571">
     <span class='ocr_line' id='line_1_2' title="bbox 333 623 2587 714; baseline 0.002 -23"><span class='ocrx_word' id='word_1_6' title='bbox 333 626 635 708; x_wconf 81' lang='lat' dir='ltr'>quaedam</span> <span class='ocrx_word' id='word_1_7' title='bbox 680 623 1014 709; x_wconf 80' lang='lat' dir='ltr'>intellego:</span> <span class='ocrx_word' id='word_1_8' title='bbox 1073 623 1190 689; x_wconf 87' lang='lat' dir='ltr'>hoc</span> <span class='ocrx_word' id='word_1_9' title='bbox 1235 623 1400 689; x_wconf 91' lang='lat' dir='ltr'>enim</span> <span class='ocrx_word' id='word_1_10' title='bbox 1445 624 1520 689; x_wconf 88' lang='lat' dir='ltr'>de</span> <span class='ocrx_word' id='word_1_11' title='bbox 1573 627 1908 708; x_wconf 86' lang='lat' dir='ltr'>prudentia</span> <span class='ocrx_word' id='word_1_12' title='bbox 1952 629 2013 693; x_wconf 91' lang='lat' dir='ltr'>et</span> <span class='ocrx_word' id='word_1_13' title='bbox 2056 629 2475 714; x_wconf 84' lang='lat' dir='ltr'>temperantia</span> <span class='ocrx_word' id='word_1_14' title='bbox 2519 633 2587 696; x_wconf 90' lang='lat' dir='ltr'>et</span> 
     </span>
     <span class='ocr_line' id='line_1_3' title="bbox 332 727 2583 811; baseline 0.004 -20"><span class='ocrx_word' id='word_1_15' title='bbox 332 727 703 794; x_wconf 86' lang='lat' dir='ltr'>fortitudine</span> <span class='ocrx_word' id='word_1_16' title='bbox 763 727 1046 807; x_wconf 84' lang='lat' dir='ltr'>dixerim,</span> <span class='ocrx_word' id='word_1_17' title='bbox 1117 727 1264 810; x_wconf 89' lang='lat' dir='ltr'>quia</span> <span class='ocrx_word' id='word_1_18' title='bbox 1322 727 1531 811; x_wconf 89' lang='lat' dir='ltr'>potest</span> <span class='ocrx_word' id='word_1_19' title='bbox 1587 733 1719 794; x_wconf 86' lang='lat' dir='ltr'>esse</span> <span class='ocrx_word' id='word_1_20' title='bbox 1777 731 2047 810; x_wconf 84' lang='lat' dir='ltr'>animus,</span> <span class='ocrx_word' id='word_1_21' title='bbox 2108 731 2180 796; x_wconf 90' lang='lat' dir='ltr'>ut</span> <span class='ocrx_word' id='word_1_22' title='bbox 2223 733 2583 800; x_wconf 90' lang='lat' dir='ltr'>nullatenus</span> 
     </span>
     <span class='ocr_line' id='line_1_4' title="bbox 336 829 2585 919; baseline 0.003 -23"><span class='ocrx_word' id='word_1_23' title='bbox 336 832 422 896; x_wconf 87' lang='lat' dir='ltr'>sit</span> <span class='ocrx_word' id='word_1_24' title='bbox 477 831 823 896; x_wconf 86' lang='lat' dir='ltr'>uirtutibus</span> <span class='ocrx_word' id='word_1_25' title='bbox 876 829 1218 914; x_wconf 73' lang='lat' dir='ltr'>praeditae,</span> <span class='ocrx_word' id='word_1_26' title='bbox 1275 831 1383 895; x_wconf 90' lang='lat' dir='ltr'>sed</span> <span class='ocrx_word' id='word_1_27' title='bbox 1438 829 1494 894; x_wconf 87' lang='lat' dir='ltr'>si</span> <span class='ocrx_word' id='word_1_28' title='bbox 1540 848 1642 894; x_wconf 88' lang='lat' dir='ltr'>eas</span> <span class='ocrx_word' id='word_1_29' title='bbox 1690 849 1811 898; x_wconf 91' lang='lat' dir='ltr'>non</span> <span class='ocrx_word' id='word_1_30' title='bbox 1855 833 2161 908; x_wconf 87' lang='lat' dir='ltr'>habuerit,</span> <span class='ocrx_word' id='word_1_31' title='bbox 2210 850 2585 919; x_wconf 86' lang='lat' dir='ltr'>consequens</span> 
     </span>
     <span class='ocr_line' id='line_1_5' title="bbox 331 933 2587 1022; baseline 0.003 -22"><span class='ocrx_word' id='word_1_32' title='bbox 331 939 444 1016; x_wconf 86' lang='lat' dir='ltr'>est,</span> <span class='ocrx_word' id='word_1_33' title='bbox 491 939 563 1002; x_wconf 87' lang='lat' dir='ltr'>ut</span> <span class='ocrx_word' id='word_1_34' title='bbox 607 935 836 1001; x_wconf 88' lang='lat' dir='ltr'>uitium</span> <span class='ocrx_word' id='word_1_35' title='bbox 879 934 1131 1002; x_wconf 89' lang='lat' dir='ltr'>habeat.</span> <span class='ocrx_word' id='word_1_36' title='bbox 1196 933 1534 1018; x_wconf 89' lang='lat' dir='ltr'>conligitur</span> <span class='ocrx_word' id='word_1_37' title='bbox 1580 934 1749 999; x_wconf 87' lang='lat' dir='ltr'>enim</span> <span class='ocrx_word' id='word_1_38' title='bbox 1793 935 2148 1003; x_wconf 89' lang='lat' dir='ltr'>subiectum</span> <span class='ocrx_word' id='word_1_39' title='bbox 2178 956 2420 1022; x_wconf 82' lang='lat' dir='ltr'>semper</span> <span class='ocrx_word' id='word_1_40' title='bbox 2450 959 2587 1008; x_wconf 89' lang='lat' dir='ltr'>esse</span> 
     </span>
     <span class='ocr_line' id='line_1_6' title="bbox 287 1038 2589 1116; baseline 0.003 -11"><span class='ocrx_word' id='word_1_41' title='bbox 287 1063 314 1105; x_wconf 80' lang='lat'>⁵</span> <span class='ocrx_word' id='word_1_42' title='bbox 332 1039 614 1104; x_wconf 88' lang='lat' dir='ltr'>animum</span> <span class='ocrx_word' id='word_1_43' title='bbox 657 1042 767 1104; x_wconf 85' lang='lat' dir='ltr'>aut</span> <span class='ocrx_word' id='word_1_44' title='bbox 810 1038 989 1104; x_wconf 88' lang='lat' dir='ltr'>uitiis</span> <span class='ocrx_word' id='word_1_45' title='bbox 1035 1041 1146 1104; x_wconf 89' lang='lat' dir='ltr'>aut</span> <span class='ocrx_word' id='word_1_46' title='bbox 1201 1039 1567 1116; x_wconf 76' lang='lat' dir='ltr'>uirtutibus,</span> <span class='ocrx_word' id='word_1_47' title='bbox 1628 1041 1981 1106; x_wconf 86' lang='lat' dir='ltr'>subiectum</span> <span class='ocrx_word' id='word_1_48' title='bbox 2034 1061 2178 1107; x_wconf 89' lang='lat' dir='ltr'>eum</span> <span class='ocrx_word' id='word_1_49' title='bbox 2235 1061 2366 1110; x_wconf 87' lang='lat' dir='ltr'>esse</span> <span class='ocrx_word' id='word_1_50' title='bbox 2422 1045 2589 1110; x_wconf 86' lang='lat' dir='ltr'>sicut</span> 
     </span>
     <span class='ocr_line' id='line_1_7' title="bbox 331 1141 2587 1229; baseline 0.003 -22"><span class='ocrx_word' id='word_1_51' title='bbox 331 1141 600 1208; x_wconf 77' lang='lat' dir='ltr'>diximus</span> <span class='ocrx_word' id='word_1_52' title='bbox 654 1141 1017 1226; x_wconf 88' lang='lat' dir='ltr'>disciplinis,</span> <span class='ocrx_word' id='word_1_53' title='bbox 1087 1161 1243 1226; x_wconf 80' lang='lat' dir='ltr'>quae</span> <span class='ocrx_word' id='word_1_54' title='bbox 1296 1141 1432 1207; x_wconf 85' lang='lat' dir='ltr'>sine</span> <span class='ocrx_word' id='word_1_55' title='bbox 1495 1160 1564 1208; x_wconf 90' lang='lat' dir='ltr'>eo</span> <span class='ocrx_word' id='word_1_56' title='bbox 1626 1161 1759 1208; x_wconf 88' lang='lat' dir='ltr'>esse</span> <span class='ocrx_word' id='word_1_57' title='bbox 1826 1164 1949 1210; x_wconf 91' lang='lat' dir='ltr'>non</span> <span class='ocrx_word' id='word_1_58' title='bbox 2013 1149 2291 1229; x_wconf 89' lang='lat' dir='ltr'>possunt.</span> <span class='ocrx_word' id='word_1_59' title='bbox 2366 1162 2587 1213; x_wconf 89' lang='lat' dir='ltr'>uerum</span> 
     </span>
     <span class='ocr_line' id='line_1_8' title="bbox 327 1245 2589 1330; baseline 0.002 -20"><span class='ocrx_word' id='word_1_60' title='bbox 327 1246 496 1311; x_wconf 91' lang='lat' dir='ltr'>enim</span> <span class='ocrx_word' id='word_1_61' title='bbox 567 1246 729 1312; x_wconf 88' lang='lat' dir='ltr'>ratio</span> <span class='ocrx_word' id='word_1_62' title='bbox 796 1246 1040 1312; x_wconf 89' lang='lat' dir='ltr'>numeri</span> <span class='ocrx_word' id='word_1_63' title='bbox 1107 1245 1434 1328; x_wconf 80' lang='lat' dir='ltr'>disciplina</span> <span class='ocrx_word' id='word_1_64' title='bbox 1491 1248 1610 1312; x_wconf 89' lang='lat' dir='ltr'>est.</span> <span class='ocrx_word' id='word_1_65' title='bbox 1686 1267 2026 1330; x_wconf 84' lang='lat' dir='ltr'>numquam</span> <span class='ocrx_word' id='word_1_66' title='bbox 2094 1250 2262 1315; x_wconf 89' lang='lat' dir='ltr'>enim</span> <span class='ocrx_word' id='word_1_67' title='bbox 2328 1250 2448 1316; x_wconf 90' lang='lat' dir='ltr'>erit</span> <span class='ocrx_word' id='word_1_68' title='bbox 2512 1252 2589 1317; x_wconf 92' lang='lat' dir='ltr'>ut</span> 
     </span>
     <span class='ocr_line' id='line_1_9' title="bbox 331 1348 2583 1434; baseline 0.003 -21"><span class='ocrx_word' id='word_1_69' title='bbox 331 1350 626 1432; x_wconf 87' lang='lat' dir='ltr'>quattuor</span> <span class='ocrx_word' id='word_1_70' title='bbox 681 1350 744 1414; x_wconf 91' lang='lat' dir='ltr'>et</span> <span class='ocrx_word' id='word_1_71' title='bbox 801 1351 922 1414; x_wconf 90' lang='lat' dir='ltr'>duo</span> <span class='ocrx_word' id='word_1_72' title='bbox 974 1351 1216 1433; x_wconf 88' lang='lat' dir='ltr'>septem</span> <span class='ocrx_word' id='word_1_73' title='bbox 1267 1348 1503 1415; x_wconf 83' lang='lat' dir='ltr'>faciant</span> <span class='ocrx_word' id='word_1_74' title='bbox 1545 1352 1657 1416; x_wconf 88' lang='lat' dir='ltr'>aut</span> <span class='ocrx_word' id='word_1_75' title='bbox 1702 1353 1943 1434; x_wconf 87' lang='lat' dir='ltr'>septem</span> <span class='ocrx_word' id='word_1_76' title='bbox 1990 1356 2052 1416; x_wconf 89' lang='lat' dir='ltr'>et</span> <span class='ocrx_word' id='word_1_77' title='bbox 2096 1356 2225 1419; x_wconf 88' lang='lat' dir='ltr'>tres</span> <span class='ocrx_word' id='word_1_78' title='bbox 2270 1353 2583 1419; x_wconf 85' lang='lat' dir='ltr'>undecim.</span> 
     </span>
     <span class='ocr_line' id='line_1_10' title="bbox 329 1451 2588 1539; baseline 0.002 -22"><span class='ocrx_word' id='word_1_79' title='bbox 329 1453 620 1518; x_wconf 89' lang='lat' dir='ltr'>similiter</span> <span class='ocrx_word' id='word_1_80' title='bbox 664 1455 728 1517; x_wconf 87' lang='lat' dir='ltr'>et</span> <span class='ocrx_word' id='word_1_81' title='bbox 769 1452 969 1536; x_wconf 85' lang='lat' dir='ltr'>figura</span> <span class='ocrx_word' id='word_1_82' title='bbox 998 1451 1217 1518; x_wconf 82' lang='lat' dir='ltr'>circuli</span> <span class='ocrx_word' id='word_1_83' title='bbox 1247 1469 1370 1518; x_wconf 90' lang='lat' dir='ltr'>non</span> <span class='ocrx_word' id='word_1_84' title='bbox 1398 1454 1619 1536; x_wconf 76' lang='lat' dir='ltr'>recipit</span> <span class='ocrx_word' id='word_1_85' title='bbox 1651 1454 2177 1523; x_wconf 82' lang='lat' dir='ltr'>contrarietatem.</span> <span class='ocrx_word' id='word_1_86' title='bbox 2244 1473 2588 1539; x_wconf 88' lang='lat' dir='ltr'>numquam</span> 
     </span>
     <span class='ocr_line' id='line_1_11' title="bbox 261 1555 2587 1640; baseline 0.001 -18"><span class='ocrx_word' id='word_1_87' title='bbox 261 1557 449 1622; x_wconf 78' lang='lat' dir='ltr'>merit</span> <span class='ocrx_word' id='word_1_88' title='bbox 509 1555 585 1620; x_wconf 88' lang='lat' dir='ltr'>ut</span> <span class='ocrx_word' id='word_1_89' title='bbox 648 1555 847 1640; x_wconf 86' lang='lat' dir='ltr'>figura</span> <span class='ocrx_word' id='word_1_90' title='bbox 913 1556 1132 1622; x_wconf 86' lang='lat' dir='ltr'>circuli</span> <span class='ocrx_word' id='word_1_91' title='bbox 1199 1575 1272 1622; x_wconf 83' lang='lat' dir='ltr'>ex</span> <span class='ocrx_word' id='word_1_92' title='bbox 1340 1558 1576 1624; x_wconf 87' lang='lat' dir='ltr'>duabus</span> <span class='ocrx_word' id='word_1_93' title='bbox 1656 1559 1765 1624; x_wconf 88' lang='lat' dir='ltr'>aut</span> <span class='ocrx_word' id='word_1_94' title='bbox 1819 1559 2019 1624; x_wconf 85' lang='lat' dir='ltr'>tribus</span> <span class='ocrx_word' id='word_1_95' title='bbox 2082 1559 2269 1625; x_wconf 90' lang='lat' dir='ltr'>lineis</span> <span class='ocrx_word' id='word_1_96' title='bbox 2312 1559 2427 1627; x_wconf 88' lang='lat' dir='ltr'>fiat</span> <span class='ocrx_word' id='word_1_97' title='bbox 2472 1563 2587 1626; x_wconf 89' lang='lat' dir='ltr'>aut</span> 
     </span>
     <span class='ocr_line' id='line_1_12' title="bbox 329 1660 2585 1744; baseline 0.001 -18"><span class='ocrx_word' id='word_1_98' title='bbox 329 1661 710 1744; x_wconf 83' lang='lat' dir='ltr'>quadrigona</span> <span class='ocrx_word' id='word_1_99' title='bbox 763 1679 836 1726; x_wconf 84' lang='lat' dir='ltr'>ex</span> <span class='ocrx_word' id='word_1_100' title='bbox 893 1661 1097 1726; x_wconf 86' lang='lat' dir='ltr'>tribus</span> <span class='ocrx_word' id='word_1_101' title='bbox 1147 1663 1260 1726; x_wconf 87' lang='lat' dir='ltr'>ant</span> <span class='ocrx_word' id='word_1_102' title='bbox 1302 1662 1548 1744; x_wconf 86' lang='lat' dir='ltr'>trigona</span> <span class='ocrx_word' id='word_1_103' title='bbox 1590 1679 1663 1726; x_wconf 83' lang='lat' dir='ltr'>ex</span> <span class='ocrx_word' id='word_1_104' title='bbox 1707 1665 2021 1744; x_wconf 86' lang='lat' dir='ltr'>quattuor.</span> <span class='ocrx_word' id='word_1_105' title='bbox 2097 1663 2151 1728; x_wconf 89' lang='lat' dir='ltr'>si</span> <span class='ocrx_word' id='word_1_106' title='bbox 2196 1660 2366 1726; x_wconf 88' lang='lat' dir='ltr'>enim</span> <span class='ocrx_word' id='word_1_107' title='bbox 2410 1662 2585 1728; x_wconf 86' lang='lat' dir='ltr'>addi-</span> 
     </span>
     <span class='ocr_line' id='line_1_13' title="bbox 333 1763 2588 1850; baseline 0 -20"><span class='ocrx_word' id='word_1_108' title='bbox 333 1765 496 1830; x_wconf 84' lang='lat' dir='ltr'>deris</span> <span class='ocrx_word' id='word_1_109' title='bbox 551 1763 657 1831; x_wconf 88' lang='lat' dir='ltr'>uel</span> <span class='ocrx_word' id='word_1_110' title='bbox 711 1765 1010 1830; x_wconf 90' lang='lat' dir='ltr'>minueris</span> <span class='ocrx_word' id='word_1_111' title='bbox 1067 1765 1324 1847; x_wconf 89' lang='lat' dir='ltr'>aliquid,</span> <span class='ocrx_word' id='word_1_112' title='bbox 1383 1765 1511 1829; x_wconf 90' lang='lat' dir='ltr'>iam</span> <span class='ocrx_word' id='word_1_113' title='bbox 1567 1783 1683 1830; x_wconf 89' lang='lat' dir='ltr'>nec</span> <span class='ocrx_word' id='word_1_114' title='bbox 1738 1765 1984 1849; x_wconf 86' lang='lat' dir='ltr'>trigona</span> <span class='ocrx_word' id='word_1_115' title='bbox 2038 1783 2155 1831; x_wconf 89' lang='lat' dir='ltr'>nec</span> <span class='ocrx_word' id='word_1_116' title='bbox 2200 1763 2588 1850; x_wconf 86' lang='lat' dir='ltr'>quadrigona</span> 
     </span>
     <span class='ocr_line' id='line_1_14' title="bbox 331 1855 2588 1945; baseline 0 -13"><span class='ocrx_word' id='word_1_117' title='bbox 331 1867 472 1945; x_wconf 87' lang='lat' dir='ltr'>erit,</span> <span class='ocrx_word' id='word_1_118' title='bbox 531 1855 746 1933; x_wconf 86' lang='lat' dir='ltr'>manet</span> <span class='ocrx_word' id='word_1_119' title='bbox 789 1869 954 1934; x_wconf 89' lang='lat' dir='ltr'>enim</span> <span class='ocrx_word' id='word_1_120' title='bbox 1009 1869 1262 1932; x_wconf 89' lang='lat' dir='ltr'>aeterna</span> <span class='ocrx_word' id='word_1_121' title='bbox 1308 1868 1373 1933; x_wconf 91' lang='lat' dir='ltr'>et</span> <span class='ocrx_word' id='word_1_122' title='bbox 1422 1866 1977 1934; x_wconf 87' lang='lat' dir='ltr'>incommutabilis.</span> <span class='ocrx_word' id='word_1_123' title='bbox 2043 1867 2269 1934; x_wconf 90' lang='lat' dir='ltr'>harum</span> <span class='ocrx_word' id='word_1_124' title='bbox 2316 1868 2588 1934; x_wconf 89' lang='lat' dir='ltr'>rationes</span> 
     </span>
     <span class='ocr_line' id='line_1_15' title="bbox 334 1969 2587 2053; baseline 0 -18"><span class='ocrx_word' id='word_1_125' title='bbox 334 1971 807 2053; x_wconf 88' lang='lat' dir='ltr'>disciplinarum</span> <span class='ocrx_word' id='word_1_126' title='bbox 861 1971 928 2036; x_wconf 87' lang='lat' dir='ltr'>et</span> <span class='ocrx_word' id='word_1_127' title='bbox 970 1971 1036 2034; x_wconf 92' lang='lat' dir='ltr'>in</span> <span class='ocrx_word' id='word_1_128' title='bbox 1093 1969 1374 2036; x_wconf 88' lang='lat' dir='ltr'>subiecto</span> <span class='ocrx_word' id='word_1_129' title='bbox 1431 1974 1576 2036; x_wconf 89' lang='lat' dir='ltr'>sunt</span> <span class='ocrx_word' id='word_1_130' title='bbox 1634 1971 1841 2036; x_wconf 91' lang='lat' dir='ltr'>animo</span> <span class='ocrx_word' id='word_1_131' title='bbox 1888 1971 1953 2034; x_wconf 86' lang='lat' dir='ltr'>et</span> <span class='ocrx_word' id='word_1_132' title='bbox 1996 1971 2131 2036; x_wconf 90' lang='lat' dir='ltr'>sine</span> <span class='ocrx_word' id='word_1_133' title='bbox 2175 1990 2245 2036; x_wconf 93' lang='lat' dir='ltr'>eo</span> <span class='ocrx_word' id='word_1_134' title='bbox 2292 1989 2421 2038; x_wconf 88' lang='lat' dir='ltr'>esse</span> <span class='ocrx_word' id='word_1_135' title='bbox 2464 1991 2587 2038; x_wconf 93' lang='lat' dir='ltr'>non</span> 
     </span>
     <span class='ocr_line' id='line_1_16' title="bbox 265 2072 2588 2158; baseline 0.002 -21"><span class='ocrx_word' id='word_1_136' title='bbox 265 2099 315 2138; x_wconf 71' lang='grc' dir='ltr'>ιε,</span> <span class='ocrx_word' id='word_1_137' title='bbox 331 2075 611 2158; x_wconf 87' lang='lat' dir='ltr'>possunt.</span> <span class='ocrx_word' id='word_1_138' title='bbox 665 2072 1002 2155; x_wconf 88' lang='lat' dir='ltr'>conligitur</span> <span class='ocrx_word' id='word_1_139' title='bbox 1049 2076 1372 2139; x_wconf 88' lang='lat' dir='ltr'>aeternum</span> <span class='ocrx_word' id='word_1_140' title='bbox 1425 2091 1560 2139; x_wconf 88' lang='lat' dir='ltr'>esse</span> <span class='ocrx_word' id='word_1_141' title='bbox 1605 2072 1762 2139; x_wconf 90' lang='lat' dir='ltr'>illud</span> <span class='ocrx_word' id='word_1_142' title='bbox 1810 2075 1877 2138; x_wconf 90' lang='lat' dir='ltr'>in</span> <span class='ocrx_word' id='word_1_143' title='bbox 1922 2092 2043 2156; x_wconf 91' lang='lat' dir='ltr'>quo</span> <span class='ocrx_word' id='word_1_144' title='bbox 2076 2076 2187 2154; x_wconf 89' lang='lat' dir='ltr'>est,</span> <span class='ocrx_word' id='word_1_145' title='bbox 2236 2074 2397 2140; x_wconf 86' lang='lat' dir='ltr'>sicut</span> <span class='ocrx_word' id='word_1_146' title='bbox 2427 2075 2588 2141; x_wconf 89' lang='lat' dir='ltr'>illud</span> 
     </span>
     <span class='ocr_line' id='line_1_17' title="bbox 333 2176 2590 2261; baseline 0 -19"><span class='ocrx_word' id='word_1_147' title='bbox 333 2178 494 2260; x_wconf 89' lang='lat' dir='ltr'>quod</span> <span class='ocrx_word' id='word_1_148' title='bbox 549 2178 615 2242; x_wconf 93' lang='lat' dir='ltr'>in</span> <span class='ocrx_word' id='word_1_149' title='bbox 661 2196 730 2242; x_wconf 89' lang='lat' dir='ltr'>eo</span> <span class='ocrx_word' id='word_1_150' title='bbox 775 2182 888 2242; x_wconf 89' lang='lat' dir='ltr'>est.</span> <span class='ocrx_word' id='word_1_151' title='bbox 963 2195 1108 2261; x_wconf 89' lang='lat' dir='ltr'>ergo</span> <span class='ocrx_word' id='word_1_152' title='bbox 1165 2177 1519 2242; x_wconf 90' lang='lat' dir='ltr'>inmortalis</span> <span class='ocrx_word' id='word_1_153' title='bbox 1576 2181 1672 2242; x_wconf 89' lang='lat' dir='ltr'>est</span> <span class='ocrx_word' id='word_1_154' title='bbox 1718 2176 1931 2241; x_wconf 90' lang='lat' dir='ltr'>anima</span> <span class='ocrx_word' id='word_1_155' title='bbox 1980 2180 2042 2242; x_wconf 86' lang='lat' dir='ltr'>et</span> <span class='ocrx_word' id='word_1_156' title='bbox 2097 2177 2162 2244; x_wconf 91' lang='lat' dir='ltr'>id</span> <span class='ocrx_word' id='word_1_157' title='bbox 2219 2177 2384 2260; x_wconf 85' lang='lat' dir='ltr'>quod</span> <span class='ocrx_word' id='word_1_158' title='bbox 2428 2179 2590 2242; x_wconf 90' lang='lat' dir='ltr'>uiuit</span> 
     </span>
     <span class='ocr_line' id='line_1_18' title="bbox 335 2281 2589 2366; baseline -0.001 -20"><span class='ocrx_word' id='word_1_159' title='bbox 335 2281 458 2346; x_wconf 92' lang='lat' dir='ltr'>scit</span> <span class='ocrx_word' id='word_1_160' title='bbox 503 2299 745 2363; x_wconf 87' lang='lat' dir='ltr'>semper</span> <span class='ocrx_word' id='word_1_161' title='bbox 789 2282 855 2345; x_wconf 91' lang='lat' dir='ltr'>et</span> <span class='ocrx_word' id='word_1_162' title='bbox 887 2281 1105 2345; x_wconf 86' lang='lat' dir='ltr'>cernit.</span> <span class='ocrx_word' id='word_1_163' title='bbox 1173 2282 1280 2346; x_wconf 86' lang='lat' dir='ltr'>sed</span> <span class='ocrx_word' id='word_1_164' title='bbox 1325 2299 1447 2344; x_wconf 91' lang='lat' dir='ltr'>non</span> <span class='ocrx_word' id='word_1_165' title='bbox 1491 2298 1736 2363; x_wconf 90' lang='lat' dir='ltr'>semper</span> <span class='ocrx_word' id='word_1_166' title='bbox 1778 2281 1893 2346; x_wconf 89' lang='lat' dir='ltr'>hoc</span> <span class='ocrx_word' id='word_1_167' title='bbox 1939 2281 2195 2366; x_wconf 86' lang='lat' dir='ltr'>cogitat,</span> <span class='ocrx_word' id='word_1_168' title='bbox 2252 2281 2401 2363; x_wconf 88' lang='lat' dir='ltr'>quia</span> <span class='ocrx_word' id='word_1_169' title='bbox 2446 2299 2589 2346; x_wconf 87' lang='lat' dir='ltr'>cum</span> 
     </span>
     <span class='ocr_line' id='line_1_19' title="bbox 333 2383 2583 2469; baseline -0.001 -19"><span class='ocrx_word' id='word_1_170' title='bbox 333 2385 454 2450; x_wconf 85' lang='lat' dir='ltr'>scit</span> <span class='ocrx_word' id='word_1_171' title='bbox 502 2401 720 2448; x_wconf 87' lang='lat' dir='ltr'>secura</span> <span class='ocrx_word' id='word_1_172' title='bbox 775 2385 850 2449; x_wconf 89' lang='lat' dir='ltr'>de</span> <span class='ocrx_word' id='word_1_173' title='bbox 892 2401 975 2460; x_wconf 88' lang='lat' dir='ltr'>se,</span> <span class='ocrx_word' id='word_1_174' title='bbox 1030 2385 1194 2464; x_wconf 87' lang='lat' dir='ltr'>quod</span> <span class='ocrx_word' id='word_1_175' title='bbox 1253 2384 1510 2448; x_wconf 85' lang='lat' dir='ltr'>amittat</span> <span class='ocrx_word' id='word_1_176' title='bbox 1563 2401 1631 2448; x_wconf 88' lang='lat' dir='ltr'>se</span> <span class='ocrx_word' id='word_1_177' title='bbox 1687 2383 1752 2447; x_wconf 92' lang='lat' dir='ltr'>in</span> <span class='ocrx_word' id='word_1_178' title='bbox 1803 2383 2024 2448; x_wconf 90' lang='lat' dir='ltr'>multis</span> <span class='ocrx_word' id='word_1_179' title='bbox 2082 2383 2583 2469; x_wconf 80' lang='lat' dir='ltr'>cogitationibuS,</span> 
     </span>
     <span class='ocr_line' id='line_1_20' title="bbox 333 2486 2590 2571; baseline 0 -18"><span class='ocrx_word' id='word_1_180' title='bbox 333 2487 632 2571; x_wconf 85' lang='lat' dir='ltr'>distendit</span> <span class='ocrx_word' id='word_1_181' title='bbox 685 2503 752 2551; x_wconf 86' lang='lat' dir='ltr'>se</span> <span class='ocrx_word' id='word_1_182' title='bbox 806 2503 878 2551; x_wconf 91' lang='lat' dir='ltr'>ac</span> <span class='ocrx_word' id='word_1_183' title='bbox 932 2487 990 2552; x_wconf 91' lang='lat' dir='ltr'>si</span> <span class='ocrx_word' id='word_1_184' title='bbox 1043 2505 1152 2569; x_wconf 90' lang='lat' dir='ltr'>per</span> <span class='ocrx_word' id='word_1_185' title='bbox 1207 2486 1472 2569; x_wconf 82' lang='lat' dir='ltr'>tempuS‚</span> <span class='ocrx_word' id='word_1_186' title='bbox 1532 2505 1656 2553; x_wconf 91' lang='lat' dir='ltr'>non</span> <span class='ocrx_word' id='word_1_187' title='bbox 1709 2505 1817 2570; x_wconf 90' lang='lat' dir='ltr'>per</span> <span class='ocrx_word' id='word_1_188' title='bbox 1878 2486 2083 2552; x_wconf 90' lang='lat' dir='ltr'>locum</span> <span class='ocrx_word' id='word_1_189' title='bbox 2149 2491 2323 2553; x_wconf 87' lang='lat' dir='ltr'>mota</span> <span class='ocrx_word' id='word_1_190' title='bbox 2380 2491 2590 2553; x_wconf 87' lang='lat' dir='ltr'>mouet</span> 
     </span>
    </p>
   </div>
   <div class='ocr_carea' id='block_1_3' title="bbox 265 2590 2593 2759">
    <p class='ocr_par' dir='ltr' id='par_1_3' title="bbox 265 2590 2593 2759">
     <span class='ocr_line' id='line_1_21' title="bbox 265 2590 2593 2676; baseline 0.001 -22"><span class='ocrx_word' id='word_1_191' title='bbox 265 2614 319 2655; x_wconf 77' lang='lat'>20</span> <span class='ocrx_word' id='word_1_192' title='bbox 335 2593 546 2656; x_wconf 87' lang='lat' dir='ltr'>tamen</span> <span class='ocrx_word' id='word_1_193' title='bbox 613 2591 677 2655; x_wconf 89' lang='lat' dir='ltr'>et</span> <span class='ocrx_word' id='word_1_194' title='bbox 741 2607 962 2674; x_wconf 87' lang='lat' dir='ltr'>corpus</span> <span class='ocrx_word' id='word_1_195' title='bbox 1027 2609 1136 2672; x_wconf 90' lang='lat' dir='ltr'>per</span> <span class='ocrx_word' id='word_1_196' title='bbox 1199 2594 1444 2676; x_wconf 91' lang='lat' dir='ltr'>tempus</span> <span class='ocrx_word' id='word_1_197' title='bbox 1505 2592 1568 2655; x_wconf 87' lang='lat' dir='ltr'>et</span> <span class='ocrx_word' id='word_1_198' title='bbox 1632 2592 1861 2671; x_wconf 91' lang='lat' dir='ltr'>locum,</span> <span class='ocrx_word' id='word_1_199' title='bbox 1931 2590 2172 2657; x_wconf 80' lang='lat' dir='ltr'>scilicet</span> <span class='ocrx_word' id='word_1_200' title='bbox 2236 2591 2471 2656; x_wconf 87' lang='lat' dir='ltr'>iudicat</span> <span class='ocrx_word' id='word_1_201' title='bbox 2528 2592 2593 2656; x_wconf 91' lang='lat' dir='ltr'>et</span> 
     </span>
     <span class='ocr_line' id='line_1_22' title="bbox 333 2694 664 2759; baseline -0.006 0"><span class='ocrx_word' id='word_1_202' title='bbox 333 2694 664 2759; x_wconf 86' lang='lat' dir='ltr'>iudicatur.</span> 
     </span>
    </p>
   </div>
   <div class='ocr_carea' id='block_1_4' title="bbox 267 2810 2598 3824">
    <p class='ocr_par' dir='ltr' id='par_1_4' title="bbox 336 2810 2592 3104">
     <span class='ocr_line' id='line_1_23' title="bbox 421 2810 2590 2896; baseline 0 -19"><span class='ocrx_word' id='word_1_203' title='bbox 421 2813 581 2878; x_wconf 90' lang='lat' dir='ltr'>Vide</span> <span class='ocrx_word' id='word_1_204' title='bbox 655 2830 799 2895; x_wconf 91' lang='lat' dir='ltr'>ergo</span> <span class='ocrx_word' id='word_1_205' title='bbox 885 2810 1096 2877; x_wconf 87' lang='lat' dir='ltr'>anima</span> <span class='ocrx_word' id='word_1_206' title='bbox 1167 2812 1439 2877; x_wconf 87' lang='lat' dir='ltr'>hnmana</span> <span class='ocrx_word' id='word_1_207' title='bbox 1523 2831 1708 2894; x_wconf 88' lang='lat' dir='ltr'>quam</span> <span class='ocrx_word' id='word_1_208' title='bbox 1792 2829 2091 2896; x_wconf 89' lang='lat' dir='ltr'>magnum</span> <span class='ocrx_word' id='word_1_209' title='bbox 2178 2814 2408 2879; x_wconf 90' lang='lat' dir='ltr'>bonum</span> <span class='ocrx_word' id='word_1_210' title='bbox 2482 2813 2590 2891; x_wconf 87' lang='lat' dir='ltr'>sis,</span> 
     </span>
     <span class='ocr_line' id='line_1_24' title="bbox 336 2914 2590 2999; baseline -0 -17"><span class='ocrx_word' id='word_1_211' title='bbox 336 2921 486 2983; x_wconf 91' lang='lat' dir='ltr'>dum</span> <span class='ocrx_word' id='word_1_212' title='bbox 544 2920 620 2982; x_wconf 88' lang='lat' dir='ltr'>de</span> <span class='ocrx_word' id='word_1_213' title='bbox 664 2916 1018 2999; x_wconf 84' lang='lat' dir='ltr'>corpori-bus</span> <span class='ocrx_word' id='word_1_214' title='bbox 1073 2914 1339 2995; x_wconf 71' lang='lat' dir='ltr'>indicae,</span> <span class='ocrx_word' id='word_1_215' title='bbox 1397 2919 1549 2981; x_wconf 88' lang='lat' dir='ltr'>dum</span> <span class='ocrx_word' id='word_1_216' title='bbox 1595 2919 1659 2979; x_wconf 83' lang='lat' dir='ltr'>et</span> <span class='ocrx_word' id='word_1_217' title='bbox 1706 2917 1934 2981; x_wconf 80' lang='lat' dir='ltr'>rationi</span> <span class='ocrx_word' id='word_1_218' title='bbox 1981 2914 2390 2999; x_wconf 78' lang='lat' dir='ltr'>coniungeriS‚</span> <span class='ocrx_word' id='word_1_219' title='bbox 2437 2919 2590 2981; x_wconf 89' lang='lat' dir='ltr'>dum</span> 
     </span>
     <span class='ocr_line' id='line_1_25' title="bbox 337 3018 2592 3104; baseline -0.002 -17"><span class='ocrx_word' id='word_1_220' title='bbox 337 3024 623 3087; x_wconf 84' lang='lat' dir='ltr'>aeternae</span> <span class='ocrx_word' id='word_1_221' title='bbox 667 3020 955 3085; x_wconf 86' lang='lat' dir='ltr'>ueritatis</span> <span class='ocrx_word' id='word_1_222' title='bbox 997 3019 1072 3083; x_wconf 87' lang='lat' dir='ltr'>fis</span> <span class='ocrx_word' id='word_1_223' title='bbox 1116 3020 1444 3103; x_wconf 83' lang='lat' dir='ltr'>particeps,</span> <span class='ocrx_word' id='word_1_224' title='bbox 1521 3038 1647 3083; x_wconf 92' lang='lat' dir='ltr'>non</span> <span class='ocrx_word' id='word_1_225' title='bbox 1692 3020 1859 3084; x_wconf 87' lang='lat' dir='ltr'>enim</span> <span class='ocrx_word' id='word_1_226' title='bbox 1904 3038 1941 3083; x_wconf 89' lang='lat' dir='ltr'>a</span> <span class='ocrx_word' id='word_1_227' title='bbox 1970 3020 2035 3084; x_wconf 91' lang='lat' dir='ltr'>te</span> <span class='ocrx_word' id='word_1_228' title='bbox 2080 3018 2399 3104; x_wconf 86' lang='lat' dir='ltr'>diligenda</span> <span class='ocrx_word' id='word_1_229' title='bbox 2442 3026 2592 3085; x_wconf 86' lang='lat' dir='ltr'>sunt</span> 
     </span>
    </p>

    <p class='ocr_par' dir='ltr' id='par_1_5' title="bbox 267 3122 2595 3619">
     <span class='ocr_line' id='line_1_26' title="bbox 267 3122 2590 3207; baseline -0.001 -20"><span class='ocrx_word' id='word_1_230' title='bbox 267 3146 322 3189; x_wconf 84' lang='lat'>25</span> <span class='ocrx_word' id='word_1_231' title='bbox 339 3143 494 3207; x_wconf 86' lang='lat' dir='ltr'>quae</span> <span class='ocrx_word' id='word_1_232' title='bbox 537 3124 704 3189; x_wconf 88' lang='lat' dir='ltr'>infra</span> <span class='ocrx_word' id='word_1_233' title='bbox 747 3128 810 3188; x_wconf 91' lang='lat' dir='ltr'>te</span> <span class='ocrx_word' id='word_1_234' title='bbox 856 3127 1021 3200; x_wconf 88' lang='lat' dir='ltr'>sunt,</span> <span class='ocrx_word' id='word_1_235' title='bbox 1076 3125 1139 3186; x_wconf 92' lang='lat' dir='ltr'>et</span> <span class='ocrx_word' id='word_1_236' title='bbox 1182 3124 1466 3204; x_wconf 88' lang='lat' dir='ltr'>quamuis</span> <span class='ocrx_word' id='word_1_237' title='bbox 1509 3140 1801 3187; x_wconf 84' lang='lat' dir='ltr'>mensura</span> <span class='ocrx_word' id='word_1_238' title='bbox 1843 3122 2018 3201; x_wconf 89' lang='lat' dir='ltr'>insit,</span> <span class='ocrx_word' id='word_1_239' title='bbox 2070 3126 2139 3185; x_wconf 88' lang='lat' dir='ltr'>tu</span> <span class='ocrx_word' id='word_1_240' title='bbox 2172 3126 2381 3187; x_wconf 88' lang='lat' dir='ltr'>tamen</span> <span class='ocrx_word' id='word_1_241' title='bbox 2414 3140 2590 3186; x_wconf 92' lang='lat' dir='ltr'>men-</span> 
     </span>
     <span class='ocr_line' id='line_1_27' title="bbox 336 3224 2595 3307; baseline -0.002 -14"><span class='ocrx_word' id='word_1_242' title='bbox 336 3246 485 3293; x_wconf 86' lang='lat' dir='ltr'>sura</span> <span class='ocrx_word' id='word_1_243' title='bbox 548 3246 671 3295; x_wconf 92' lang='lat' dir='ltr'>non</span> <span class='ocrx_word' id='word_1_244' title='bbox 739 3246 822 3291; x_wconf 78' lang='lat' dir='ltr'>es,</span> <span class='ocrx_word' id='word_1_245' title='bbox 911 3225 1272 3307; x_wconf 83' lang='lat' dir='ltr'>cogitationi</span> <span class='ocrx_word' id='word_1_246' title='bbox 1351 3227 1492 3291; x_wconf 89' lang='lat' dir='ltr'>tuae</span> <span class='ocrx_word' id='word_1_247' title='bbox 1561 3244 1859 3290; x_wconf 91' lang='lat' dir='ltr'>numerus</span> <span class='ocrx_word' id='word_1_248' title='bbox 1938 3224 2375 3307; x_wconf 88' lang='lat' dir='ltr'>uoluptatique</span> <span class='ocrx_word' id='word_1_249' title='bbox 2446 3226 2595 3289; x_wconf 90' lang='lat' dir='ltr'>tuae</span> 
     </span>
     <span class='ocr_line' id='line_1_28' title="bbox 337 3325 2589 3412; baseline -0.002 -17"><span class='ocrx_word' id='word_1_250' title='bbox 337 3332 580 3412; x_wconf 88' lang='lat' dir='ltr'>pondus</span> <span class='ocrx_word' id='word_1_251' title='bbox 636 3331 709 3394; x_wconf 91' lang='lat' dir='ltr'>tu</span> <span class='ocrx_word' id='word_1_252' title='bbox 763 3329 1001 3393; x_wconf 85' lang='lat' dir='ltr'>scilicet</span> <span class='ocrx_word' id='word_1_253' title='bbox 1045 3348 1156 3393; x_wconf 88' lang='lat' dir='ltr'>nec</span> <span class='ocrx_word' id='word_1_254' title='bbox 1212 3346 1506 3392; x_wconf 86' lang='lat' dir='ltr'>numerus</span> <span class='ocrx_word' id='word_1_255' title='bbox 1551 3348 1667 3393; x_wconf 91' lang='lat' dir='ltr'>nec</span> <span class='ocrx_word' id='word_1_256' title='bbox 1711 3330 1951 3410; x_wconf 88' lang='lat' dir='ltr'>pondus</span> <span class='ocrx_word' id='word_1_257' title='bbox 1998 3345 2079 3391; x_wconf 90' lang='lat' dir='ltr'>es.</span> <span class='ocrx_word' id='word_1_258' title='bbox 2155 3326 2319 3391; x_wconf 90' lang='lat' dir='ltr'>refer</span> <span class='ocrx_word' id='word_1_259' title='bbox 2363 3325 2589 3390; x_wconf 89' lang='lat' dir='ltr'>uolun-</span> 
     </span>
     <span class='ocr_line' id='line_1_29' title="bbox 339 3430 2593 3512; baseline -0.002 -14"><span class='ocrx_word' id='word_1_260' title='bbox 339 3438 539 3499; x_wconf 87' lang='lat' dir='ltr'>tatem</span> <span class='ocrx_word' id='word_1_261' title='bbox 603 3432 702 3497; x_wconf 90' lang='lat' dir='ltr'>tui</span> <span class='ocrx_word' id='word_1_262' title='bbox 765 3432 994 3498; x_wconf 87' lang='lat' dir='ltr'>amoris</span> <span class='ocrx_word' id='word_1_263' title='bbox 1058 3432 1139 3495; x_wconf 87' lang='lat' dir='ltr'>ad</span> <span class='ocrx_word' id='word_1_264' title='bbox 1182 3430 1367 3497; x_wconf 91' lang='lat' dir='ltr'>illum</span> <span class='ocrx_word' id='word_1_265' title='bbox 1417 3449 1748 3496; x_wconf 91' lang='lat' dir='ltr'>numerum</span> <span class='ocrx_word' id='word_1_266' title='bbox 1815 3432 1948 3495; x_wconf 91' lang='lat' dir='ltr'>sine</span> <span class='ocrx_word' id='word_1_267' title='bbox 2006 3447 2283 3512; x_wconf 84' lang='lat' dir='ltr'>numere,</span> <span class='ocrx_word' id='word_1_268' title='bbox 2344 3432 2419 3494; x_wconf 89' lang='lat' dir='ltr'>de</span> <span class='ocrx_word' id='word_1_269' title='bbox 2471 3445 2593 3510; x_wconf 91' lang='lat' dir='ltr'>quo</span> 
     </span>
     <span class='ocr_line' id='line_1_30' title="bbox 340 3533 2595 3619; baseline -0.002 -19"><span class='ocrx_word' id='word_1_270' title='bbox 340 3536 670 3619; x_wconf 86' lang='lat' dir='ltr'>psalmista</span> <span class='ocrx_word' id='word_1_271' title='bbox 731 3536 909 3601; x_wconf 87' lang='lat' dir='ltr'>dicit:</span> <span class='ocrx_word' id='word_1_272' title='bbox 969 3537 1043 3599; x_wconf 91' lang='lat' dir='ltr'>et</span> <span class='ocrx_word' id='word_1_273' title='bbox 1097 3533 1558 3617; x_wconf 88' lang='lat' dir='ltr'>sapientiae</span> <span class='ocrx_word' id='word_1_274' title='bbox 1615 3533 1784 3599; x_wconf 88' lang='lat' dir='ltr'>eius</span> <span class='ocrx_word' id='word_1_275' title='bbox 1832 3552 1979 3598; x_wconf 92' lang='lat' dir='ltr'>non</span> <span class='ocrx_word' id='word_1_276' title='bbox 2026 3534 2145 3597; x_wconf 89' lang='lat' dir='ltr'>est</span> <span class='ocrx_word' id='word_1_277' title='bbox 2189 3550 2595 3605; x_wconf 51' lang='lat' dir='ltr'>numeru&amp;</span> 
     </span>
    </p>

    <p class='ocr_par' dir='ltr' id='par_1_6' title="bbox 267 3634 2598 3824">
     <span class='ocr_line' id='line_1_31' title="bbox 267 3634 2597 3719; baseline -0.004 -13"><span class='ocrx_word' id='word_1_278' title='bbox 267 3666 325 3707; x_wconf 75' lang='lat' dir='ltr'>eo</span> <span class='ocrx_word' id='word_1_279' title='bbox 343 3641 424 3705; x_wconf 84' lang='lat' dir='ltr'>ad</span> <span class='ocrx_word' id='word_1_280' title='bbox 486 3640 660 3705; x_wconf 84' lang='lat' dir='ltr'>illam</span> <span class='ocrx_word' id='word_1_281' title='bbox 706 3656 1059 3703; x_wconf 87' lang='lat' dir='ltr'>mensuram</span> <span class='ocrx_word' id='word_1_282' title='bbox 1113 3637 1246 3702; x_wconf 91' lang='lat' dir='ltr'>sine</span> <span class='ocrx_word' id='word_1_283' title='bbox 1289 3654 1601 3712; x_wconf 88' lang='lat' dir='ltr'>mensura,</span> <span class='ocrx_word' id='word_1_284' title='bbox 1655 3638 1734 3701; x_wconf 86' lang='lat' dir='ltr'>ad</span> <span class='ocrx_word' id='word_1_285' title='bbox 1778 3636 1939 3701; x_wconf 87' lang='lat' dir='ltr'>illud</span> <span class='ocrx_word' id='word_1_286' title='bbox 1981 3636 2215 3719; x_wconf 88' lang='lat' dir='ltr'>pondus</span> <span class='ocrx_word' id='word_1_287' title='bbox 2262 3634 2395 3699; x_wconf 88' lang='lat' dir='ltr'>sine</span> <span class='ocrx_word' id='word_1_288' title='bbox 2438 3651 2597 3716; x_wconf 91' lang='lat' dir='ltr'>pon-</span> 
     </span>
     <span class='ocr_line' id='line_1_32' title="bbox 343 3738 2598 3824; baseline -0.004 -17"><span class='ocrx_word' id='word_1_289' title='bbox 343 3744 508 3821; x_wconf 87' lang='lat' dir='ltr'>dere,</span> <span class='ocrx_word' id='word_1_290' title='bbox 567 3760 604 3806; x_wconf 87' lang='lat' dir='ltr'>a</span> <span class='ocrx_word' id='word_1_291' title='bbox 669 3758 788 3823; x_wconf 90' lang='lat' dir='ltr'>quo</span> <span class='ocrx_word' id='word_1_292' title='bbox 849 3739 1057 3805; x_wconf 91' lang='lat' dir='ltr'>omnia</span> <span class='ocrx_word' id='word_1_293' title='bbox 1110 3738 1528 3824; x_wconf 84' lang='lat' dir='ltr'>ponderantur</span> <span class='ocrx_word' id='word_1_294' title='bbox 1584 3740 1650 3803; x_wconf 89' lang='lat' dir='ltr'>et</span> <span class='ocrx_word' id='word_1_295' title='bbox 1707 3740 2164 3803; x_wconf 89' lang='lat' dir='ltr'>mensurantur.</span> <span class='ocrx_word' id='word_1_296' title='bbox 2240 3738 2448 3819; x_wconf 89' lang='lat' dir='ltr'>ipsum</span> <span class='ocrx_word' id='word_1_297' title='bbox 2502 3738 2598 3799; x_wconf 90' lang='lat' dir='ltr'>est</span> 
     </span>
    </p>
   </div>
   <div class='ocr_carea' id='block_1_5' title="bbox 549 3970 1088 4037">
    <p class='ocr_par' dir='ltr' id='par_1_7' title="bbox 549 3970 1088 4037">
     <span class='ocr_line' id='line_1_33' title="bbox 549 3970 1088 4037; baseline -0.004 -10"><span class='ocrx_word' id='word_1_298' title='bbox 549 3973 618 4027; x_wconf 84' lang='lat'>29</span> <span class='ocrx_word' id='word_1_299' title='bbox 661 3971 862 4026; x_wconf 87' lang='lat' dir='ltr'>Psalm.</span> <span class='ocrx_word' id='word_1_300' title='bbox 901 3970 1015 4037; x_wconf 85' lang='lat'>146,</span> <span class='ocrx_word' id='word_1_301' title='bbox 1053 3971 1088 4025; x_wconf 91' lang='grc'>5</span> 
     </span>
    </p>
   </div>
   <div class='ocr_carea' id='block_1_6' title="bbox 345 4178 2601 4445">
    <p class='ocr_par' dir='ltr' id='par_1_8' title="bbox 345 4178 2601 4445">
     <span class='ocr_line' id='line_1_34' title="bbox 437 4178 2463 4253; baseline -0.005 -11"><span class='ocrx_word' id='word_1_302' title='bbox 437 4189 483 4242; x_wconf 88' lang='lat'>·3</span> <span class='ocrx_word' id='word_1_303' title='bbox 518 4188 578 4242; x_wconf 89' lang='lat' dir='ltr'>in</span> <span class='ocrx_word' id='word_1_304' title='bbox 602 4192 735 4241; x_wconf 74' lang='lat' dir='ltr'>ante</span> <span class='ocrx_word' id='word_1_305' title='bbox 757 4185 1055 4240; x_wconf 83' lang='lat' dir='ltr'>uirtutibus</span> <span class='ocrx_word' id='word_1_306' title='bbox 1080 4184 1210 4239; x_wconf 80' lang='lat' dir='ltr'>add.</span> <span class='ocrx_word' id='word_1_307' title='bbox 1235 4186 1307 4240; x_wconf 86' lang='grc' dir='ltr'><em>Μ</em></span> <span class='ocrx_word' id='word_1_308' title='bbox 1479 4186 1512 4238; x_wconf 92' lang='grc'>6</span> <span class='ocrx_word' id='word_1_309' title='bbox 1545 4183 1760 4253; x_wconf 87' lang='lat' dir='ltr'>possint</span> <span class='ocrx_word' id='word_1_310' title='bbox 1791 4183 1856 4251; x_wconf 64' lang='grc' dir='ltr'>ρ’</span> <span class='ocrx_word' id='word_1_311' title='bbox 2028 4182 2098 4235; x_wconf 85' lang='grc'>18</span> <span class='ocrx_word' id='word_1_312' title='bbox 2132 4180 2253 4251; x_wconf 85' lang='lat' dir='ltr'>scit]</span> <span class='ocrx_word' id='word_1_313' title='bbox 2292 4178 2367 4233; x_wconf 87' lang='lat' dir='ltr'>sit</span> <span class='ocrx_word' id='word_1_314' title='bbox 2396 4180 2463 4249; x_wconf 66' lang='grc' dir='ltr'>ρ’*</span> 
     </span>
     <span class='ocr_line' id='line_1_35' title="bbox 345 4274 2601 4351; baseline -0.005 -13"><span class='ocrx_word' id='word_1_315' title='bbox 345 4283 416 4339; x_wconf 88' lang='grc'>22</span> <span class='ocrx_word' id='word_1_316' title='bbox 451 4282 526 4335; x_wconf 87' lang='lat' dir='ltr'>sit</span> <span class='ocrx_word' id='word_1_317' title='bbox 556 4284 624 4351; x_wconf 56' lang='grc' dir='ltr'>μ’</span> <span class='ocrx_word' id='word_1_318' title='bbox 805 4280 875 4334; x_wconf 79' lang='lat'>24</span> <span class='ocrx_word' id='word_1_319' title='bbox 909 4280 1164 4333; x_wconf 87' lang='lat' dir='ltr'>ueritatis</span> <span class='ocrx_word' id='word_1_320' title='bbox 1192 4284 1278 4348; x_wconf 71' lang='lat'>12²,</span> <span class='ocrx_word' id='word_1_321' title='bbox 1330 4279 1551 4334; x_wconf 88' lang='lat' dir='ltr'>ueritati</span> <span class='ocrx_word' id='word_1_322' title='bbox 1586 4279 1660 4332; x_wconf 86' lang='lat' dir='ltr'><em>M</em></span> <span class='ocrx_word' id='word_1_323' title='bbox 1668 4280 1699 4332; x_wconf 84' lang='lat' dir='ltr'><strong><em>b</em></strong></span> <span class='ocrx_word' id='word_1_324' title='bbox 1874 4277 1959 4347; x_wconf 84' lang='lat' dir='ltr'>fis]</span> <span class='ocrx_word' id='word_1_325' title='bbox 1998 4276 2071 4331; x_wconf 89' lang='lat' dir='ltr'>sis</span> <span class='ocrx_word' id='word_1_326' title='bbox 2098 4292 2144 4345; x_wconf 72' lang='lat' dir='ltr'>p</span> <span class='ocrx_word' id='word_1_327' title='bbox 2329 4274 2396 4330; x_wconf 83' lang='lat'>27</span> <span class='ocrx_word' id='word_1_328' title='bbox 2432 4274 2601 4328; x_wconf 84' lang='lat' dir='ltr'>refert</span> 
     </span>
     <span class='ocr_line' id='line_1_36' title="bbox 348 4374 1673 4445; baseline -0.004 -14"><span class='ocrx_word' id='word_1_329' title='bbox 348 4377 674 4445; x_wconf 76' lang='lat' dir='ltr'>uolumptati</span> <span class='ocrx_word' id='word_1_330' title='bbox 707 4376 922 4431; x_wconf 84' lang='lat' dir='ltr'>timoris</span> <span class='ocrx_word' id='word_1_331' title='bbox 957 4375 1032 4429; x_wconf 85' lang='lat' dir='ltr'><strong><em>M</em></strong></span> <span class='ocrx_word' id='word_1_332' title='bbox 1065 4376 1224 4444; x_wconf 84' lang='lat' dir='ltr'>(corr.</span> <span class='ocrx_word' id='word_1_333' title='bbox 1261 4374 1352 4427; x_wconf 67' lang='grc' dir='ltr'>Μ’</span> <span class='ocrx_word' id='word_1_334' title='bbox 1384 4375 1449 4429; x_wconf 73' lang='lat' dir='ltr'>i‘n</span> <span class='ocrx_word' id='word_1_335' title='bbox 1481 4376 1673 4443; x_wconf 66' lang='lat' dir='ltr'>mar-9.)</span> 
     </span>
    </p>
   </div>
   <div class='ocr_carea' id='block_1_7' title="bbox 2286 4472 2393 4526">
    <p class='ocr_par' dir='ltr' id='par_1_9' title="bbox 2286 4472 2393 4526">
     <span class='ocr_line' id='line_1_37' title="bbox 2286 4472 2393 4526; baseline 0.009 -1"><span class='ocrx_word' id='word_1_336' title='bbox 2286 4472 2393 4526; x_wconf 80' lang='lat'>13*</span> 
     </span>
    </p>
   </div>
  </div>
 </body>
</html>
