3175 5050
937 430 1028 482 De
1063 429 1256 482 statu
1290 428 1545 482 animae
1581 427 1915 497 epilogus.
2428 429 2555 494 193

305 622 450 685 sunt
494 636 742 702 genera,
788 617 904 683 hoc
949 618 1047 682 est
1090 635 1310 700 corpus
1357 618 1518 699 quod
1566 616 1731 681 uiuit
1775 619 1838 681 et
1880 617 2093 692 sentit,
2142 636 2357 699 corpus
2387 617 2555 700 quod

305 723 468 788 uiuit
509 726 571 788 et
617 742 740 788 non
785 722 997 799 sentit,
1045 740 1262 804 corpus
1308 725 1469 803 quod
1514 739 1629 786 nec
1674 720 1839 786 uiuit
1873 739 1983 786 nec
2014 720 2226 786 sentit.
2295 722 2402 785 sed
2433 720 2555 786 hoc

303 844 498 906 genus
543 825 831 910 corporiS,
881 826 1040 907 quod
1098 843 1209 888 nec
1251 825 1416 889 uiuit
1469 843 1584 890 nec
1643 823 1855 903 sentit,
1902 826 2199 905 quattuor
2242 823 2555 891 elementa

304 949 432 994 esse
485 932 654 1012 put0,
725 933 958 992 terram
1015 945 1240 1010 aquam
1297 945 1505 991 aerem
1564 928 1630 992 et
1689 927 1925 1008 ignem,
1980 944 2137 1008 quae
2180 926 2551 1009 principalia

260 1034 450 1096 5sunt
494 1035 556 1097 et
598 1030 928 1114 simplicia,
976 1049 1048 1095 ex
1093 1030 1316 1112 quibus
1367 1029 1578 1094 omnia
1622 1029 1833 1114 [quae]
1883 1028 2179 1112 conpacta
2224 1031 2383 1094 sunt
2414 1048 2551 1093 cor-

301 1153 469 1217 pora,
515 1135 582 1200 id
626 1137 722 1200 est
766 1134 1132 1198 animalium
1175 1133 1451 1197 uiuentia
1495 1136 1557 1196 et
1603 1132 1951 1208 sentientia,
2006 1133 2293 1197 arborum
2360 1131 2550 1198 fruti·

302 1259 444 1304 cum
491 1239 554 1302 et
594 1238 930 1303 herbarum
977 1237 1274 1320 uiuentia,
1321 1236 1428 1301 sed
1475 1253 1598 1300 non
1645 1235 1997 1300 sentientia

383 1359 585 1439 Quam
645 1357 722 1423 ob
779 1377 914 1423 rem
959 1357 1110 1439 quid
1153 1357 1444 1422 differant
1487 1356 1653 1420 inter
1698 1375 1762 1420 se
1809 1355 2280 1420 euidentissime
2323 1357 2549 1440 liquet,

301 1481 457 1543 quae
501 1461 630 1527 sint
674 1480 888 1527 eorum
934 1461 1306 1542 communia,
1363 1461 1474 1526 deo
1518 1459 1774 1525 iuuante
1806 1460 2111 1525 intentius
2139 1461 2552 1543 inquiramus.

235 1589 284 1628 10
301 1565 390 1630 sic
455 1565 622 1630 enim
687 1553 976 1630 uolumus
1042 1564 1384 1648 inspirante
1445 1564 1694 1630 domino
1764 1563 1829 1628 et
1886 1563 2240 1643 auxiliante,
2300 1564 2375 1627 ut
2424 1581 2547 1628 non

299 1669 547 1732 tantum
593 1671 943 1734 creaturam
986 1668 1182 1750 ipsius
1227 1671 1595 1745 scrutemur,
1639 1683 1856 1731 uerum
1902 1664 2095 1731 etiam
2148 1666 2551 1731 ascendentes

297 1771 376 1836 ad
421 1772 781 1836 creatricem
825 1769 1244 1838 substantiam
1291 1788 1400 1850 per
1443 1787 1533 1847 ea,
1596 1785 1755 1851 quae
1804 1768 1971 1834 facta
2013 1773 2177 1850 sunt,
2222 1769 2550 1835 intellectu

299 1869 784 1955 conspiciamus
815 1876 899 1954 et,
970 1873 1257 1956 quamuis
1321 1891 1446 1937 non
1511 1873 1943 1954 perueniamus
2010 1875 2089 1938 ad
2144 1872 2228 1950 id,
2276 1873 2359 1950 ,ut
2414 1873 2549 1936 eius

298 1979 712 2045 substantiam
768 1977 1128 2061 intellegere
1184 1977 1504 2042 ualeamus
1549 1975 1616 2040 et
1659 1974 1809 2056 quid
1855 1977 1939 2040 sit
1983 1975 2273 2050 sciamuS,
2319 1976 2550 2040 saltem

228 2108 280 2148 15
296 2079 377 2160 id,
425 2083 585 2162 quod
631 2099 756 2146 non
799 2082 902 2160 sit,
944 2063 1420 2146 euidentissime
1465 2083 1806 2144 teneamus.

381 2201 588 2285 Igitur
644 2221 824 2266 omne
878 2219 1098 2282 corpus
1155 2200 1497 2282 quantitati
1555 2203 1618 2263 et
1678 2199 1969 2281 qualitati
2024 2198 2375 2264 subiectum
2430 2205 2543 2279 est,

297 2303 365 2367 in
409 2304 688 2369 subiecto
735 2308 945 2368 autem
991 2322 1240 2385 corpore
1299 2321 1518 2384 corpus
1561 2321 1686 2367 non
1731 2307 1845 2367 est.
1922 2321 2139 2385 corpus
2185 2302 2350 2366 enim
2395 2303 2546 2366 sub-

296 2406 531 2470 iectum
590 2409 704 2483 est,
760 2425 883 2471 non
938 2409 1001 2472 in
1047 2404 1347 2486 subiecto,
1406 2407 1554 2486 quia
1600 2423 1815 2488 corpus
1858 2405 2215 2470 ¹substantia
2259 2408 2372 2483 est,
2420 2422 2545 2474 non

299 2509 604 2577 accidens.
671 2509 1016 2576 accidentia
1047 2512 1256 2574 autem
1301 2509 1364 2573 in
1397 2508 1750 2574 substantia
1779 2509 1945 2591 sunt,
1990 2527 2110 2572 non
2140 2507 2545 2575 substantiae.

203 2614 526 2683 'maccidit
571 2631 716 2696 ergo
763 2614 1001 2695 corpori
1057 2614 1373 2695 quantitas
1420 2616 1484 2677 et
1537 2614 1829 2695 qualitaS‚
1906 2613 2221 2701 quantitas
2275 2614 2439 2678 enim
2477 2614 2547 2678 in

299 2717 610 2781 mensuris
658 2719 773 2795 est,
821 2716 1094 2799 qualitas
1139 2717 1207 2780 in
1255 2716 1582 2781 coloribus,
1658 2733 1779 2780 non
1826 2716 1941 2781 hoc
1996 2734 2125 2781 esse
2154 2717 2364 2798 ipsum
2410 2733 2545 2781 cor-

296 2838 412 2901 pus
457 2820 620 2902 quod
667 2822 971 2901 quantum
1017 2836 1149 2883 esse
1195 2837 1310 2883 nec
1351 2818 1466 2885 hoc
1527 2837 1660 2883 esse
1704 2820 1909 2901 ipsum
1955 2820 2118 2901 quod
2162 2822 2344 2902 quale
2390 2839 2543 2896 esse,

297 2923 442 3004 quia
497 2925 562 2988 et
618 2925 819 2987 colore
878 2925 1122 2987 mutato
1179 2939 1400 3005 corpus
1457 2926 1671 2988 manet
1718 2926 1782 2987 et
1827 2923 1895 2986 in
1940 2923 2249 2988 diminuto
2288 2940 2545 3005 corpore

297 3028 611 3108 quantitas
675 3046 835 3109 quae
892 3025 1098 3107 prima
1152 3026 1355 3090 fuerat
1409 3045 1531 3091 non
1585 3027 1699 3091 est.
1773 3044 1847 3090 ac
1904 3045 2014 3108 per
2066 3027 2181 3092 hoc
2241 3044 2365 3091 non
2410 3046 2545 3091 esse

221 3158 276 3199 25
295 3148 597 3211 magnum
653 3133 816 3213 quod
873 3130 1263 3214 magnitudo,
1323 3148 1434 3195 nec
1490 3132 1747 3213 longum
1813 3131 1975 3212 quod
2028 3130 2376 3213 longitude,
2430 3148 2547 3194 nec

295 3232 415 3297 hoc
460 3232 661 3297 latum
707 3233 869 3314 quod
915 3233 1206 3313 latitud0,
1254 3251 1367 3296 nec
1423 3234 1764 3298 coloratum
1808 3234 1971 3315 quod
2016 3234 2179 3299 color
2223 3236 2373 3316 ipse.
2450 3235 2549 3297 est

295 3335 487 3399 etiam
532 3333 769 3417 corpori
811 3353 1106 3400 mensura
1149 3354 1442 3399 numerus
1486 3337 1550 3400 et
1594 3339 1845 3416 ponduS,
1892 3336 2055 3400 unde
2108 3338 2299 3402 etiam
2328 3338 2545 3401 sancta

293 3438 606 3520 scriptura
661 3438 752 3504 ait
807 3440 1027 3505 deum
1085 3438 1347 3504 omnia
1408 3439 1486 3502 in
1543 3457 1907 3505 mensura
1964 3442 2038 3503 et
2093 3456 2409 3504 numero
2464 3445 2545 3504 et

497 3600 568 3654 28
609 3601 732 3669 Sap.
771 3600 854 3667 11,
891 3600 955 3655 21

400 3746 426 3799 1
477 3750 608 3801 ante
652 3744 796 3799 uiuit
833 3750 910 3800 est
943 3760 1148 3800 rasura
1181 3745 1423 3800 duarum
1458 3746 1749 3799 literarum
1782 3746 1847 3801 in
1892 3746 1985 3810 M,
2045 3746 2105 3801 in
2144 3762 2253 3815 qua
2289 3748 2335 3799 &
2368 3746 2543 3813 fuisse

289 3830 520 3885 uidetur
724 3834 756 3885 5
795 3833 974 3885 omnia
1008 3848 1142 3902 quae
1179 3833 1251 3887 M
1280 3832 1539 3899 editores,
1600 3848 1733 3900 quae
1766 3838 1869 3887 aut
1904 3833 2206 3887 delendum
2226 3839 2321 3899 est,
2370 3851 2543 3903 quare

289 3920 452 3973 uncis
485 3920 710 3983 inclusi,
758 3925 859 3975 aut
893 3934 1028 3987 quae
1065 3925 1192 3973 sunt
1227 3922 1316 3974 uel
1353 3921 1461 3974 tale
1496 3920 1633 3993 quid
1666 3920 2010 3975 scribe-ndum
2216 3922 2248 3975 7
2292 3922 2541 3975 erbarum

291 4005 370 4057 M
563 4006 629 4061 12
665 4005 978 4059 areatricem
1015 4006 1113 4069 M,
1169 4022 1308 4060 corr.
1346 4007 1378 4061 b
1576 4007 1641 4061 13
1678 4006 1907 4075 quanuis
1940 4007 2017 4059 M
2207 4008 2271 4061 18
2306 4007 2545 4062 subiecto

290 4109 348 4173 b,
409 4109 650 4163 subiectii
697 4109 772 4163 M
968 4110 1038 4163 24
1081 4110 1252 4179 prima
1297 4111 1394 4175 M,
1453 4112 1601 4179 prius
1650 4111 1881 4165 editores
2085 4082 2247 4163 fuerit
2287 4110 2359 4164 Μ
2391 4126 2542 4165 man.

279 4196 453 4263 prim.
662 4196 742 4263 ao]
798 4197 894 4247 aut
938 4211 982 4263 p
1188 4196 1256 4249 26
1307 4197 1418 4265 ipse
1469 4196 1545 4250 ad
1594 4214 1780 4251 uocem
1833 4198 1976 4250 color
2026 4197 2233 4263 rettuli,
2286 4212 2409 4251 cum
2459 4214 2545 4251 se-

288 4286 486 4347 quente
531 4282 818 4335 ermntiato
852 4281 1198 4350 coniungunt
1243 4281 1320 4333 Μ
1349 4286 1400 4336 et
1436 4281 1693 4337 editores:
1738 4288 1857 4336 tum
1891 4287 2031 4337 certe
2064 4281 2167 4349 ipsi
2200 4282 2543 4336 scribendum

284 4370 412 4420 erat

391 4468 487 4522 XI.
2272 4470 2335 4523 13
