3175 5050
1035 431 1126 484 De
1161 433 1354 484 statu
1391 430 1653 484 animae
1696 430 1756 484 II
1794 429 1841 482 7.
2446 426 2570 495 125

309 622 541 688 iudicio
573 621 968 686 auctoritatis
1001 621 1284 700 utuntur,
1321 622 1422 683 sed
1457 619 1697 683 uirtute
1727 621 1984 684 rationis
2017 620 2569 702 adminiculantur,

311 724 886 790 animaduertamus
950 724 1197 804 praeter
1265 723 1553 787 natiuum
1624 722 1933 787 humanae
2000 723 2228 786 mentis
2287 723 2571 805 uigorem

308 829 491 894 hasce
537 828 830 893 uidelicet
881 825 1143 906 animae,
1193 844 1350 906 quae
1398 829 1532 889 tam
1564 830 1809 890 remota
1838 829 2202 907 persecutae
2236 828 2403 907 sunt,
2438 829 2571 890 tam

311 932 522 997 clausa
579 930 888 1014 adierunt,
949 932 1084 993 tam
1137 932 1352 1011 operta
1397 929 1713 1006 uiderunt,
1765 929 1995 994 idcirco
2042 929 2287 998 scilicet
2334 927 2571 992 lumine

269 1058 296 1097 5
313 1034 598 1098 ueritatis
642 1033 926 1112 adfiata8‚
973 1034 1048 1097 ut
1092 1033 1158 1096 in
1204 1033 1474 1097 salutem
1519 1033 1767 1115 generis
1812 1032 2069 1097 humani
2116 1036 2249 1097 toto
2296 1033 2571 1114 quando-

251 1153 260 1160 ·
312 1157 430 1220 que
475 1140 708 1202 mundo
753 1137 1064 1200 diuinitus
1112 1135 1350 1201 editum
1399 1135 1623 1218 dogma
1666 1137 1827 1216 apud
1874 1137 2057 1200 rudes
2104 1137 2251 1201 ueri.
2284 1135 2571 1218 gentium

312 1241 550 1305 mentes
609 1239 942 1325 gentilium
995 1239 1370 1304 testimoniis
1417 1240 1718 1318 uteretur,
1768 1256 1887 1320 quo
1931 1238 2133 1321 magis
2178 1239 2572 1322 ignorantiae
2660 1243 2663 1250 '

313 1344 524 1409 nubilo
596 1346 846 1408 caecata
915 1346 978 1408 et
1046 1342 1442 1407 infidelitatis
1512 1342 1743 1426 frigore
1809 1345 1876 1408 in
1931 1343 2240 1424 quandam
2308 1342 2571 1425 glaciem

314 1447 538 1510 durata
580 1445 910 1530 gentilitas
957 1447 1355 1529 euangelicae
1398 1445 1691 1510 ueritatis
1734 1445 1927 1510 calori
1974 1444 2241 1522 cederet,
2272 1447 2323 1510 si
2356 1447 2575 1510 eadem

247 1576 296 1615 10
313 1551 548 1616 ueritas
611 1549 1078 1614 aduersantium
1141 1567 1385 1632 quoque
1445 1548 1703 1613 sibimet
1756 1567 1859 1613 ore
1906 1549 2233 1613 sonuisset.
2309 1550 2418 1614 aut
2462 1569 2575 1614 cur

313 1672 437 1718 non
497 1654 649 1718 haec
709 1653 922 1718 eadem
968 1670 1082 1733 per
1124 1653 1518 1733 philosophos
1565 1650 1745 1716 nobis
1790 1651 1857 1714 in
1904 1671 2087 1716 usum
2131 1653 2265 1717 ueri
2312 1654 2573 1718 caelitus

315 1757 647 1839 procurata
692 1758 1036 1830 credamus,
1086 1774 1242 1838 quae
1287 1756 1363 1820 ad
1411 1757 1897 1839 redarguendam
1937 1757 2289 1820 nostrorum
2334 1773 2573 1838 quoque

313 1861 676 1940 inperitiam
715 1859 898 1923 utilia
941 1858 1071 1922 fore
1115 1859 1542 1942 cognoscimus
1558 1861 1589 1922 Ρ
1638 1860 2016 1940 persuadens
2047 1858 2243 1942 igitur
2273 1859 2339 1923 in
2371 1859 2573 1924 Phae-

317 1965 475 2028 done
519 1961 757 2027 Socrati
803 1963 894 2026 sic
940 1963 1030 2026 ait
1075 1981 1222 2025 uera
1266 1962 1461 2026 ratio:
1531 1961 1621 2026 do
1640 1981 1777 2025 nec
1836 1979 2109 2044 corpus
2150 1961 2300 2026 hab
2318 1980 2573 2028 eamus

248 2067 748 2148 15permixtus
767 2084 906 2147 que
977 2065 1089 2129 sit
1156 2065 1309 2129 tali
1368 2065 1570 2130 malo
1631 2067 1905 2130 noster
1964 2065 2306 2144 animm,
2367 2083 2574 2129 num·-

315 2188 538 2252 quam
604 2189 740 2235 nos
807 2169 885 2233 id
943 2168 1142 2250 quod
1201 2169 1358 2233 iam
1421 2167 1607 2233 olim
1671 2169 2307 2250 concupiscimus
2370 2169 2573 2233 satis

313 2273 542 2356 plene
632 2275 1211 2337 consecuturos,
1322 2271 1975 2354 concupiscimus
2062 2273 2321 2336 autem
2408 2271 2575 2336 ueri

316 2376 759 2440 scientiam.
847 2393 1127 2456 corpus
1189 2376 1398 2440 enim
1457 2374 1685 2441 nobis
1745 2375 2078 2456 primum
2138 2375 2395 2438 innum
2416 2391 2574 2438 era-

315 2478 531 2545 biles
579 2483 652 2544 et
698 2480 1082 2546 infinitas
1127 2481 1693 2562 occupationes
1738 2479 2023 2557 infert,
2070 2479 2357 2560 quibus
2407 2496 2576 2544 con-

249 2586 650 2648 zoterimur
707 2584 796 2647 ob
859 2585 1392 2650 necessarium
1452 2584 1755 2649 uictum
1818 2585 1894 2647 et
1954 2582 2335 2647 alimenta
2382 2583 2578 2646 coti-

319 2686 572 2753 diana.
642 2688 924 2752 deinde
955 2688 1024 2752 si
1056 2690 1187 2770 qui
1218 2686 1466 2753 morbi
1494 2688 2003 2767 ingruerunt,
2036 2687 2575 2769 inpedimento

319 2810 348 2855 s
368 2794 539 2875 unt,
607 2791 1043 2873 quominus
1095 2791 1495 2875 inquirere
1563 2796 1641 2856 et
1714 2791 2075 2856 inuenire
2148 2790 2577 2855 ueritatem

523 3020 591 3073 14
625 3020 767 3075 Plat.
802 3020 1004 3073 Phaed.
1039 3036 1160 3089 pag.
1198 3019 1311 3075 661>
1333 3050 1395 3061 --
1418 3022 1528 3075 672.

421 3234 456 3287 2
491 3238 708 3303 propter
741 3236 796 3287 A
1003 3235 1038 3287 4
1079 3234 1384 3288 adiecerunt
1418 3234 1475 3289 R
1499 3234 1617 3289 Son.
1823 3236 2005 3303 operta
2041 3234 2315 3289 Barthius
2329 3274 2343 3299 ‚
2401 3234 2577 3302 perita.

319 3320 447 3375 libra·
483 3326 534 3374 et
571 3320 804 3375 editores
1006 3320 1261 3374 uidelicet
1301 3321 1332 3374 b
1537 3322 1574 3375 5
1620 3320 1849 3374 adflatus
1895 3320 2091 3375 BH¹R
2297 3322 2417 3373 toto
2452 3319 2581 3374 libri

321 3425 445 3463 cum
479 3408 601 3473 ΡΤ,
659 3408 767 3460 toti
812 3407 843 3460 b
1049 3408 1082 3459 6
1128 3406 1440 3459 diuinitatis
1477 3405 1677 3459 edituri
1716 3407 1849 3472 (scil.
1886 3406 2216 3474 philosophi)
2254 3406 2393 3460 coni.
2431 3405 2578 3459 Bar-

321 3494 470 3549 thius
676 3492 908 3562 editum]
954 3492 1196 3546 ederetur
1243 3508 1306 3559 p,
1373 3492 1580 3546 editum
1628 3495 1768 3545 esset
1816 3490 1936 3546 aS'ch⁶
2142 3492 2269 3545 uerll
2314 3492 2395 3558 E,
2456 3508 2580 3545 uere

321 3577 418 3647 Μ,
479 3595 602 3633 uero
640 3578 672 3631 b
859 3578 1151 3648 gentilium
1188 3578 1308 3633 Sch.
1499 3578 1530 3630 7
1569 3580 1849 3631 uterentur
1884 3576 1958 3630 M
1990 3576 2226 3631 editores
2412 3577 2446 3630 8
2483 3593 2581 3630 nu-

322 3666 455 3735 bilo]
493 3665 678 3719 morbo
713 3666 744 3719 b
949 3666 983 3719 9
1019 3666 1190 3717 calore
1225 3666 1280 3719 R
1483 3664 1558 3717 sic
1595 3664 1794 3719 BH¹R
2003 3664 2069 3717 10
2104 3664 2404 3716 sonuissent
2436 3663 2561 3717 BH
2566 3666 2579 3693 ¹

322 3752 379 3807 R
577 3752 639 3805 11
679 3766 773 3820 per
807 3766 912 3806 om.
950 3750 982 3806 b
1177 3750 1243 3805 13
1279 3742 1639 3820 persuadet—
1657 3752 1903 3807 socrates,
1938 3748 2019 3802 ait
2054 3763 2177 3803 uera
2212 3749 2351 3801 ratio
2392 3748 2445 3803 G

323 3836 588 3907 phedrone
623 3837 752 3891 libri
787 3842 836 3891 et
871 3838 904 3891 b
1112 3838 1178 3891 14
1224 3841 1457 3891 socrates
1493 3836 1570 3889 sic
1607 3836 1703 3893 ait.
1751 3852 1877 3891 uera
1912 3837 2051 3889 ratio
2088 3837 2171 3889 est
2206 3835 2371 3887 donec
2401 3850 2443 3901 p

326 3925 392 3979 15
427 3923 800 3994 permixtiique
837 3922 884 3976 S
1084 3922 1150 3976 16
1185 3922 1318 3975 satis
1353 3938 1456 3978 om.
1492 3922 1553 3975 F
1753 3922 1819 3975 17
1855 3921 2011 3989 plene
2044 3937 2146 3975 om.
2183 3920 2368 3987 BDF,
2427 3919 2581 3987 plane

322 4009 460 4076 ΕΙ),
519 4008 677 4077 pleno
711 4007 744 4060 b
893 3992 905 4009 ’
937 4008 1003 4060 18
1039 4006 1194 4061 nobis
1231 4023 1332 4063 om.
1368 4007 1601 4062 BDEF
1777 4006 2133 4060 innumerales
2166 4022 2205 4074 p
2380 4005 2463 4059 -19
2498 4004 2583 4058 in·

323 4098 504 4149 ferunt
539 4093 595 4149 R
798 4092 868 4146 20
903 4094 1202 4147 conuictum
1237 4108 1283 4162 p
1487 4094 1811 4147 alimentum
1846 4092 2221 4161 quotidianum
2258 4091 2387 4145 libri
2414 4106 2583 4160 prae·

324 4205 409 4253 ter
451 4197 626 4255 GGM
656 4202 708 4251 et
745 4196 866 4252 Sela.
1073 4196 1140 4249 21
1178 4196 1421 4265 deinceps
1456 4196 1530 4250 M
1537 4196 1568 4249 b
1758 4197 2063 4264 ingruerint
2098 4195 2303 4259 BE'G,
2364 4196 2585 4264 ingruer

325 4284 418 4348 M,
479 4285 731 4353 ingruere
777 4283 808 4336 b
1015 4282 1082 4335 22
1130 4282 1370 4336 cominus
1417 4283 1493 4335 M
1499 4284 1530 4337 b
1740 4283 2072 4351 inquiramus
2119 4287 2175 4335 et
2210 4282 2285 4335 sic
2321 4296 2429 4335 uer.
2468 4282 2585 4339 inu.

327 4384 430 4423 non
468 4386 752 4439 possumus
779 4385 824 4438 p
1034 4368 1344 4437 ueritatem]
1383 4385 1487 4422 non
1525 4368 1652 4423 add.
1692 4369 1723 4422 b
