3175 5050
1290 471 1633 542 Epistula.
1666 503 1671 510 -
2510 477 2589 542 11

330 660 680 742 quantitate
704 641 1132 729 ‘determinari
1161 663 1378 728 locoue
1408 661 1715 748 concludi,
1751 667 2205 745 consequenter.
2228 682 2369 730 eam
2398 665 2592 731 etiam

329 783 584 848 corpore
629 767 930 830 contineri
973 785 1086 832 nec
1135 769 1268 850 ipse
1311 767 1441 830 iam
1487 763 1758 831 dubites.
1835 785 1956 848 quo
2004 767 2183 830 modo
2216 784 2338 832 non
2373 767 2591 833 localis

331 870 446 946 est,
495 886 650 951 quae
692 869 944 934 inserta·
979 867 1280 934 membris
1327 871 1390 933 et
1444 869 1719 952 inligata
1761 868 2105 934 uisceribus
2137 869 2285 934 solis
2314 871 2589 953 motibus
2706 863 2723 878 ⁹

327 991 494 1055 uaga
539 973 898 1039 condicione
949 973 1344 1038 substantiae
1387 973 1636 1037 tenetur
1680 972 1978 1036 inclusa?
2008 976 2183 1054 ‘quod
2229 974 2283 1037 si
2327 973 2591 1038 localem

285 1095 452 1141 5non
511 1093 639 1140 esse
695 1078 970 1141 animam
1026 1077 1161 1142 ideo
1221 1076 1632 1141 adserendum
1691 1079 1894 1158 puteS‚
1954 1076 2115 1157 quod
2172 1095 2281 1159 per
2345 1076 2593 1142 diuersa

328 1180 611 1244 sensibus
660 1183 962 1264 euagetur
1013 1185 1074 1244 et
1119 1179 1608 1264 cogitationibus
1659 1178 2003 1257 differatur,
2037 1180 2314 1262 primum
2345 1181 2589 1245 intelle-

325 1281 598 1364 gendum
667 1286 782 1361 est,
841 1285 1003 1365 quod
1059 1284 1230 1347 aliud
1289 1283 1376 1348 sit
1432 1284 1677 1349 animae
1730 1285 1952 1362 statuS,
2015 1284 2185 1348 aliud
2241 1285 2295 1348 is
2354 1285 2459 1366 qui
2514 1286 2593 1349 de

291 1385 542 1450 -anima
602 1385 880 1451 nascitur
937 1386 1328 1469 cogitationis
1373 1385 1675 1451 adfectus.
1749 1405 1937 1468 quam
1998 1387 2072 1452 ob
2132 1405 2264 1452 rem
2322 1391 2431 1451 aut
2474 1388 2591 1451 hoc
2699 1403 2701 1406 ’

328 1491 534 1571 potius
583 1488 1046 1554 aestimandum
1093 1493 1206 1565 est,
1255 1490 1419 1571 quod
1464 1490 1517 1553 si
1565 1489 1810 1571 quando
1856 1489 1978 1553 sibi
2009 1491 2248 1572 aliquid
2280 1489 2592 1572 imagina-

259 1613 312 1652 10
327 1596 451 1674 tur,
507 1593 713 1675 magis
771 1611 912 1658 cum
973 1592 1102 1656 suis
1163 1594 1328 1657 intra
1384 1597 1582 1658 semet
1646 1594 1849 1674 ipsam
1909 1592 2189 1659 motibus
2233 1594 2590 1676 occupetur,

330 1697 393 1758 et
461 1695 515 1758 si
582 1695 734 1778 quid
802 1695 976 1762 aliud
1041 1697 1159 1772 est,
1225 1695 1386 1777 quod
1450 1694 1785 1778 adspicere·
1818 1696 2085 1772 uidetur,
2148 1698 2349 1779 magis
2408 1697 2465 1760 ei
2520 1697 2590 1760 in
2655 1723 2657 1725 >

327 1799 768 1864 recordationis
801 1799 1052 1881 speculo
1085 1799 1491 1864 describatur.
1565 1819 1717 1864 nam
1749 1803 1987 1882 quando
2020 1799 2339 1864 absentem
2374 1817 2586 1885 carum

327 1918 513 1964 suum
587 1902 840 1985 cogitat,
912 1901 1215 1984 numquid
1281 1904 1408 1967 iam
1466 1903 1645 1967 uelut
1702 1905 1836 1985 ipso
1897 1907 2218 1984 conspecto
2286 1902 2589 1967 desiderio

327 2005 680 2070 satisfecit?
723 2009 835 2070 aut
881 2025 1021 2070 cum
1067 2005 1248 2070 uerbi
1293 2005 1498 2088 gratia
1526 2007 1697 2070 Petri
1743 2009 1859 2070 aut
1883 2005 2066 2070 Pauli
2114 2005 2381 2086 speciem
2415 2007 2588 2070 intra

257 2131 310 2172 15
329 2108 560 2172 mentis
607 2127 836 2174 arcana
868 2108 1164 2193 depingit,
1201 2110 1506 2191 numquid
1543 2110 1767 2174 statim
1797 2110 2052 2175 intimas
2084 2110 2363 2191 paradisi
2394 2112 2587 2186 sedes,

328 2211 441 2276 ubi
485 2229 587 2276 eos
634 2231 766 2278 esse
811 2213 1125 2292 nouimus,
1158 2213 1510 2295 penetrauit
1529 2217 1562 2278 ⁵?
1594 2219 1705 2278 aut
1738 2233 1879 2278 cum
1910 2215 2030 2278 sibi
2060 2215 2125 2278 in
2158 2215 2337 2278 corde
2366 2213 2588 2277 diuitis

327 2314 500 2380 illius
544 2315 828 2381 flammas
875 2336 949 2381 ex
1000 2318 1264 2382 lectione
1287 2318 1649 2399 proposuit,
1697 2319 1999 2399 numquid
2044 2318 2170 2382 iam
2203 2317 2282 2382 ad
2314 2321 2589 2380 tormen-

327 2421 536 2483 torum
595 2421 727 2484 eius
785 2421 920 2486 loca
979 2438 1050 2484 ac
1115 2421 1282 2484 uiuis
1356 2413 1811 2485 inaccessibilia
1869 2420 2054 2484 inferi
2114 2419 2418 2502 profunda
2476 2421 2584 2483 de-

326 2524 620 2588 scendit?
677 2523 828 2589 haec
885 2525 1093 2589 omnia
1136 2524 1353 2607 procul
1412 2523 1601 2588 dubio
1648 2528 1760 2588 aut
1819 2541 2028 2588 secum
2086 2524 2255 2588 intra
2313 2524 2585 2605 pectoris

256 2650 311 2692 20
325 2642 556 2691 arcana
608 2645 717 2708 per
761 2627 970 2690 uarias
1030 2627 1472 2691 similitudines
1535 2624 1719 2709 fingit
1764 2630 1875 2692 aut
1919 2629 2083 2692 certe
2128 2627 2182 2690 si
2228 2630 2404 2692 extra
2450 2628 2585 2691 ani-

327 2748 470 2794 mae
515 2730 727 2794 sedem
773 2730 1088 2795 instabilis
1136 2731 1438 2814 cogitatio
1483 2730 1725 2796 lubrico
1770 2734 1947 2796 motu
1994 2730 2240 2815 agitata
2268 2729 2586 2809 discurrit4

434 3018 460 3071 1
498 3016 611 3071 loco
649 3018 738 3071 uel
774 3022 828 3071 A
1037 3020 1219 3087 etiam]
1258 3020 1311 3071 et
1345 3018 1737 3074 ABEFHRS
1937 3019 2123 3089 etiam]
2160 3018 2304 3072 credi
2338 3017 2591 3071 debemus

327 3111 460 3170 add.
497 3112 574 3165 M
575 3114 604 3163 b
812 3112 845 3165 2
880 3112 1088 3166 dubitis
1124 3113 1198 3179 Ζ,
1257 3111 1475 3167 dubitas
1509 3114 1623 3168 Mb
1820 3128 1927 3166 non
1963 3128 2065 3167 om.
2104 3112 2179 3165 M
2188 3112 2218 3165 b
2422 3112 2459 3165 4
2492 3128 2587 3166 ua-

327 3222 454 3259 cans
489 3206 561 3259 M
567 3206 598 3259 b
794 3206 826 3259 5
863 3206 1248 3261 adsumendum
1285 3206 1546 3263 Gauisius
1656 3226 1663 3233 ·
1741 3210 1901 3275 putas
1937 3205 2049 3259 Mb
2246 3206 2279 3258 6
2315 3204 2589 3259 deferatur

326 3300 513 3355 MZ²b
544 3300 802 3355 canisius
983 3301 1013 3353 7
1049 3301 1136 3354 his
1173 3300 1298 3355 AH
1315 3303 1401 3368 (in
1424 3304 1556 3369 ras.)
1594 3301 1665 3367 Ζ,
1724 3300 1815 3354 hic
1859 3300 2118 3355 Ganisius
2296 3298 2330 3355 8
2366 3300 2589 3353 effectus

318 3396 392 3463 μ’
599 3396 696 3449 ant
740 3395 815 3460 Z,
873 3399 938 3448 ut
983 3395 1268 3461 canisius,
1325 3411 1424 3450 om.
1473 3397 1608 3461 Ma,
1663 3396 1760 3449 sed
1804 3397 1875 3461 cf.
1932 3395 2126 3451 Claud.
2174 3393 2349 3449 Mam.
2395 3396 2515 3450 libr.
2552 3392 2597 3448 Ι

325 3506 448 3558 cap.
460 3489 740 3543 XXIIII
891 3490 925 3543 9
945 3489 1313 3545 extimandum
1332 3492 1418 3557 M,
1455 3489 1868 3545 existimandum
1890 3491 2002 3545 AB
2012 3489 2309 3548 GEFHSb
2326 3489 2447 3545 Βοὴ.

326 3584 545 3652 aliquod
598 3585 669 3639 M
682 3585 713 3638 b
929 3585 1097 3653 intra]
1152 3584 1210 3637 in
1263 3584 1392 3639 add.
1434 3586 1504 3653 1³²
1723 3584 1789 3639 10
1842 3588 2126 3654 occupetur
2178 3585 2241 3648 Z,
2299 3586 2589 3651 occupatur

335 3678 596 3733 Oanisius
631 3684 684 3733 et
718 3680 824 3733 Ma
1029 3678 1093 3733 11
1130 3678 1268 3733 illud
1304 3680 1359 3733 Z
1385 3680 1645 3735 Camsius
1842 3680 1892 3733 ei
1928 3694 2029 3733 om.
2066 3679 2175 3733 Ma
2375 3679 2441 3732 12
2476 3693 2587 3731 cor·

325 3771 562 3826 dationis
609 3772 662 3826 Z
700 3774 956 3829 Gcmisius
1163 3772 1490 3827 disci-ibatur
1535 3774 1610 3840 Ζ,
1668 3772 2021 3828 disseriba'tur
2066 3774 2124 3829 R
2331 3770 2399 3827 13
2441 3771 2585 3839 cogi-

324 3859 474 3912 tauit
507 3858 615 3911 Mb
804 3858 914 3913 iam
950 3876 1048 3914 om.
1086 3860 1194 3913 Ma
1398 3861 1681 3928 conspectu
1717 3860 1792 3915 M
1795 3859 1867 3913 ΙΖ
1887 3860 2145 3915 canisius
2338 3855 2589 3912 desiderii

328 3945 383 3999 Z
574 3944 851 4015 desiderio]
891 3962 984 3999 suo
1021 3946 1150 4001 add.
1188 3946 1261 3999 M
1269 3946 1299 3999 b
1497 3945 1561 4000 15
1597 3944 1828 3999 archana
1863 3945 2143 4000 ABHRS
2332 3944 2399 3997 16
2434 3942 2587 3996 noui-

325 4054 446 4091 mus
495 4054 562 4092 ex
607 4039 930 4094 nouissimos
977 4040 1031 4093 Ζ
1237 4039 1299 4092 17
1349 4039 1415 4091 ad
1463 4054 1564 4094 om.
1614 4038 1728 4093 Mb
1940 4040 2007 4093 18
2054 4054 2114 4091 ac
2149 4036 2315 4107 uiuis]
2353 4037 2498 4090 uiuis
2536 4037 2585 4103 b,

325 4132 479 4186 cuius
515 4132 589 4197 Z,
652 4132 821 4187 cuiuis
859 4132 937 4187 B²
961 4132 1236 4199 Commius,
1265 4132 1542 4197 Schottm,
1606 4134 1663 4185 ui
1698 4132 1913 4200 (locaui)
1950 4133 2047 4197 M,
2108 4146 2167 4185 ac
2203 4130 2368 4214 nimis
2405 4128 2451 4185 S

324 4234 518 4290 inferri
571 4236 646 4301 Z,
717 4236 915 4289 inferni
977 4237 1234 4291 Oanisius
1437 4234 1705 4290 discendit
1758 4236 1865 4296 ΒΖ
2081 4234 2149 4288 19
2203 4235 2345 4288 inter
2397 4232 2453 4287 Z

324 4322 396 4377 20
447 4321 678 4377 archana
729 4322 1009 4378 ABHRS
1209 4322 1438 4391 fingitur
1491 4321 1546 4375 R
1754 4322 1817 4375 21
1874 4321 2122 4374 instabili
2174 4320 2227 4373 Z
2427 4322 2585 4372 mutu

323 4406 513 4462 AB¹Z
