3175 5050
634 426 721 494 58
1409 420 1785 476 Claudiani
1820 419 2137 474 Mamerti

1651 643 1889 727 XIIII.

632 834 1094 887 NVLLATENVS
1151 834 1587 885 SPIRITVALIA
1647 833 2026 885 CORPOREIS
2084 832 2329 882 ocvms
2378 832 2623 881 VIDERI
2676 831 2899 883 POSSE.

720 972 919 1040 Valde
965 972 1177 1039 autem
1219 974 1438 1054 stupeo
1483 990 1605 1055 quo
1643 970 1826 1036 modo
1857 970 2168 1054 quispiam
2200 968 2598 1036 Christianus
2630 969 2898 1035 doctoris

634 1077 1005 1160 praesertim
1047 1076 1180 1141 loco
1225 1073 1480 1140 definiat
1524 1074 1791 1141 cuilibet
1833 1072 2118 1157 pulchro,
2168 1071 2429 1139 cuilibet
2475 1071 2738 1139 sublimi
2770 1090 2899 1139 cor-

633 1180 791 1263 pori,
839 1179 1078 1262 corpori
1122 1182 1340 1245 tamen
1383 1177 1932 1261 contemplabilem
1977 1180 2165 1244 deum
2209 1176 2343 1242 fore
2386 1178 2449 1243 et
2477 1175 2900 1244 uniuersalem
2938 1202 2960 1243 ε

634 1280 838 1348 uideri
893 1281 1181 1348 localiter
1235 1298 1436 1365 posse,
1500 1299 1643 1347 cum
1705 1284 1890 1348 deum
1949 1282 2162 1347 uidere
2206 1280 2325 1347 hoc
2370 1281 2455 1345 sit
2500 1279 2892 1366 intellegere.

631 1385 1030 1451 intellectum
1089 1401 1236 1451 uero
1296 1384 1562 1451 localem
1615 1404 1735 1450 non
1779 1402 1913 1450 esse
1961 1383 2064 1450 uel
2107 1384 2532 1469 intellegendo
2579 1383 2898 1466 cognosci-

634 1508 800 1570 ωας,
847 1491 994 1574 quia
1036 1489 1093 1555 si
1135 1488 1500 1556 intellectus
1543 1489 1760 1555 localis
1793 1493 1909 1569 est,
1945 1488 2143 1555 locale
2189 1489 2311 1555 erit
2357 1490 2419 1553 et
2452 1486 2617 1571 quod
2648 1486 2898 1551 intelle-

630 1590 828 1675 gitur.
900 1592 1060 1659 nihil
1117 1592 1290 1659 enim
1346 1591 1545 1658 locale
1589 1596 1704 1669 est,
1765 1594 1929 1675 quod
1987 1610 2113 1659 non
2171 1594 2236 1658 et
2296 1592 2506 1674 ipsum
2564 1590 2737 1655 locus
2786 1591 2896 1655 est.

633 1695 704 1761 at
747 1694 804 1760 si
858 1696 1218 1763 intellectus
1273 1695 1495 1762 localis
1551 1698 1616 1760 et
1659 1695 1729 1761 in
1772 1696 1889 1761 hoc
1934 1695 2106 1776 deus,
2154 1692 2300 1779 quia
2343 1695 2462 1760 hoc
2502 1692 2897 1777 intellegitur
2916 1718 2959 1757 10

633 1799 808 1881 dena,
868 1816 1014 1883 ergo
1071 1797 1289 1865 localis
1351 1802 1448 1865 est
1508 1799 1684 1863 deus.
1759 1798 1926 1881 quod
1968 1800 2119 1882 quia
2161 1800 2485 1881 repugnat,
2531 1795 2898 1881 intellegere

633 1918 745 1968 nos
790 1903 1053 1985 oportet,
1100 1906 1381 1969 constare
1425 1902 1744 1967 hominem
1775 1922 1846 1968 ex
1876 1920 2168 1987 corporeo
2199 1906 2263 1967 et
2292 1902 2679 1983 incorporeo,
2724 1902 2898 1964 utro-

636 2022 756 2087 que
813 2005 882 2070 in
939 2004 1163 2071 melius
1221 2005 1631 2084 reformand0,
1692 2010 1974 2072 constare
2034 2007 2329 2090 angelum
2390 2007 2455 2070 et
2513 2021 2767 2087 corpore
2839 2003 2900 2067 et

635 2105 867 2188 spiritu
925 2107 1254 2189 praecipua
1311 2108 1479 2173 inter
1540 2110 1858 2175 creaturas
1918 2108 2229 2192 dignitate
2290 2110 2581 2173 formato.
2642 2106 2899 2190 spiritus

633 2208 736 2274 illi
780 2227 1052 2292 namque
1097 2213 1192 2275 est
1234 2211 1403 2275 omni
1449 2210 1679 2294 spiritu
1738 2212 1942 2277 creato
2003 2212 2335 2294 potentior,
2398 2228 2618 2293 corpus
2680 2210 2783 2276 illi
2828 2212 2959 2277 de1⁵

633 2312 965 2396 potissimo
1011 2315 1292 2380 omnium
1343 2314 1653 2381 elemento
1698 2315 2032 2381 sublimius
2075 2315 2415 2381 secundum
2447 2312 2609 2379 illud
2640 2313 2898 2397 prophe-

636 2415 856 2500 ticum,
903 2416 1014 2482 ubi
1059 2418 1346 2501 angelica
1389 2418 1751 2484 substantia
1796 2420 2023 2502 duplex
2068 2420 2201 2486 sine
2248 2418 2644 2484 dubitatione
2690 2416 2897 2500 perhi-

633 2518 842 2598 betur,
887 2539 1007 2603 quo
1059 2520 1304 2588 dictum
1356 2524 1486 2589 est:
1533 2523 1668 2607 qui
1713 2523 1917 2589 facit
1960 2524 2290 2609 angelos
2334 2541 2516 2588 suos
2561 2519 2900 2604 spiritus

637 2626 718 2687 et
773 2622 1198 2690 ministros
1258 2644 1444 2691 suos
1503 2627 1763 2711 ignem
1814 2627 2189 2693 urentem.
2281 2627 2493 2710 ignem
2563 2645 2713 2690 uero
2780 2643 2900 2691 non

638 2743 777 2791 esse
819 2725 1111 2808 spiritum
1157 2731 1218 2792 et
1263 2727 1557 2811 spiritum
1600 2730 1857 2813 perinde
1908 2729 2123 2810 ignem
2152 2748 2279 2795 non
2332 2748 2465 2795 esse
2492 2727 2957 2795 manifestumzo

639 2829 758 2909 est,
834 2828 983 2912 quia
1039 2848 1160 2895 non
1219 2829 1369 2894 istic
1426 2830 1757 2916 allegorice
1808 2831 2048 2914 aliquid
2095 2832 2529 2915 accipiendum
2574 2831 2690 2911 est,
2736 2831 2900 2895 sicut

635 2930 798 2996 illud
857 2933 964 2998 ubi
1023 2933 1116 2997 ait
1173 2932 1494 2998 dominus:
1538 2933 1800 3016 ignem
1844 2935 2031 3000 ueni
2074 2934 2404 3000 mittere
2450 2937 2531 3000 in
2575 2935 2895 3009 terram,

638 3050 785 3098 cum
829 3037 904 3100 de
947 3037 1160 3100 sancto
1204 3035 1437 3119 spiritu
1484 3036 1738 3104 diceret.
1816 3055 1936 3103 non
1982 3040 2151 3104 enim
2196 3038 2365 3103 credi
2407 3038 2504 3103 fas
2536 3039 2629 3102 est
2659 3034 2898 3102 animas

635 3135 943 3202 humanas
1001 3138 1084 3203 ad
1141 3157 1417 3205 amorem
1471 3139 1758 3205 diuinum
1804 3141 2283 3223 participatione
2326 3139 2596 3224 angelici
2640 3139 2897 3222 spiritus

634 3238 1037 3331 inflammari,
1088 3241 1236 3325 quia
1281 3239 1493 3308 eodem
1538 3243 1701 3309 dono
1746 3245 1942 3310 bonus
1988 3247 2085 3309 est
2129 3243 2338 3321 homo,
2385 3262 2509 3327 quo
2552 3243 2753 3309 bonus
2805 3241 2897 3308 est
2914 3266 2959 3308 2⁵

848 3466 914 3521 18
948 3465 1151 3522 Psalm.
1188 3468 1306 3537 103,
1341 3469 1379 3523 4
1582 3470 1653 3523 22
1687 3468 1817 3524 Luc.
1857 3470 1937 3539 12,
1970 3470 2039 3524 49

741 3677 778 3732 5
812 3678 1190 3733 uniuersaliter
1224 3678 1338 3734 AB
1507 3679 1542 3734 8
1583 3680 1727 3749 quod
1762 3681 1810 3735 si
1846 3682 1905 3747 b,
1966 3682 2121 3751 quasi
2157 3682 2292 3738 ΒΘ*
2466 3683 2500 3738 9
2536 3683 2681 3755 quod
2715 3701 2897 3740 non—

637 3767 725 3819 est
759 3779 860 3818 om.
908 3765 956 3820 0
1158 3765 1226 3819 10
1258 3763 1376 3834 hoc]
1414 3764 1501 3819 ide
1534 3781 1572 3836 p
1609 3766 1709 3821 hoc
1754 3765 1805 3820 G<
2035 3767 2102 3821 13
2136 3771 2402 3822 cumstare
2437 3768 2495 3825 R
2696 3773 2753 3826 et
2788 3787 2900 3825 cor·

636 3850 782 3920 pore]
838 3865 900 3904 ex
953 3865 1164 3920 corpore
1215 3849 1300 3904 D²
1335 3849 1457 3908 Βοὴ.
1719 3852 1785 3905 15
1836 3851 1932 3907 ille
1982 3852 2273 3908 ABDE'F
2303 3853 2422 3909 Βοὴ.
2684 3857 2899 3927 spiritui

635 3933 994 3990 AB²0HLS
1192 3935 1288 3990 ille
1329 3935 1469 4002 ΑΒ,
1527 3936 1670 3991 illud
1714 3936 1892 3992 ΒΕΓ
1911 3937 2029 3993 Sch.
2238 3939 2303 3992 de
2347 3956 2448 3995 om.
2496 3941 2763 3997 Gauand.

641 4021 710 4076 16
743 4020 983 4074 omnium
1019 4035 1121 4074 om.
1163 4019 1212 4074 S
1384 4021 1768 4076 elementorum
1804 4022 1876 4076 M
1880 4023 1911 4076 b
2084 4023 2314 4079 sublime
2339 4041 2406 4080 ea:
2427 4026 2677 4082 sublimis
2712 4027 2767 4082 R

640 4140 708 4196 17
743 4138 1002 4210 phibetur
1036 4141 1081 4196 ο
1285 4142 1352 4196 18
1388 4143 1530 4211 quod
1575 4142 1803 4199 GDMR
2001 4144 2065 4198 21
2105 4112 2214 4232 ist?
2251 4147 2317 4216 s,
2377 4147 2488 4202 ista
2521 4145 2895 4210 ABDG-1HL,

637 4243 750 4330 ista
783 4242 846 4297 F
1032 4244 1306 4313 alligorice
1342 4244 1400 4301 R
1595 4244 1802 4314 aliquid
1837 4261 1938 4302 om.
1976 4247 2224 4318 BDFff
2418 4249 2487 4304 23
2520 4249 2607 4305 fas
2642 4253 2728 4306 est
2760 4248 2898 4306 credi

640 4346 690 4401 S
889 4345 961 4399 24
993 4347 1406 4416 partitipatione
1443 4349 1491 4404 S
1692 4349 1760 4404 25
1795 4349 1950 4419 dono]
1987 4350 2129 4406 bono
2164 4352 2227 4406 Ε
2428 4355 2557 4423 quia
2590 4355 2649 4410 Δ
