3175 5050
1171 427 1531 498 Epistulae
1571 428 1759 483 duae.
1920 447 1929 460 ‘
2418 426 2547 496 205

287 620 540 687 futurus
585 637 722 685 eras
768 617 1028 696 scilicet,
1075 617 1195 682 etsi
1239 637 1362 686 non
1407 618 1688 683 omnium
1732 616 1955 700 potior,
2002 636 2163 682 unus
2204 637 2276 683 ex
2304 618 2545 684 multis.

279 723 428 788 hinc
490 740 639 787 uero
695 721 914 804 procul
969 720 1200 805 iniuria
1253 724 1602 786 ceterorum
1667 739 1855 804 penes
1924 718 2197 786 Galliam
2263 723 2545 787 nostram

279 824 684 908 professionis
741 826 889 890 tuae
945 843 1059 907 par
1118 841 1278 888 unus
1338 824 1401 887 et
1460 823 1629 888 solus
1690 841 1777 906 es,
1851 841 2049 907 neque
2094 825 2335 888 dictum
2377 823 2544 890 istuc

278 933 390 994 aut
439 928 855 993 adsentationi
901 929 1014 992 aut
1066 926 1409 992 adulationi
1452 925 1653 991 detur.
1721 943 2107 1010 nequaquam
2141 927 2409 1010 profecto
2438 928 2544 996 uel

234 1055 259 1094 5
282 1033 531 1114 egomet
577 1031 818 1096 adulari
861 1047 1117 1111 possum
1164 1032 1266 1095 uel
1311 1031 1380 1094 tu
1425 1029 1671 1112 indiges
1716 1029 1876 1095 falso
1930 1030 2193 1096 laudari.
2265 1031 2373 1096 sed
2406 1031 2541 1096 erui

281 1139 472 1216 atque
532 1133 718 1200 euelli
776 1134 968 1198 infixa
1024 1135 1230 1200 animo
1273 1152 1413 1198 meo
1458 1135 1676 1215 nequit
1718 1134 2247 1200 declamationum
2291 1135 2541 1199 tuarum

281 1238 564 1302 suauitas
625 1240 822 1300 mixta
864 1237 1102 1316 uirtute
1159 1236 1362 1302 Attici
1406 1255 1579 1302 more
1624 1237 1855 1314 mollia,
1902 1237 2003 1302 cui
2044 1239 2268 1318 suapte
2314 1237 2543 1302 natura

280 1341 482 1406 indita
537 1343 684 1404 sunt
739 1339 983 1406 medela
1044 1339 1346 1406 fortitudo
1397 1339 1680 1405 dulcedo,
1758 1341 1921 1422 quod
1966 1340 2034 1405 in
2078 1341 2324 1422 Hyblae
2368 1340 2540 1424 iugis

280 1443 554 1508 uolucris
599 1444 787 1527 atque
843 1442 1049 1525 opifex
1094 1441 1340 1525 apicula
1371 1441 1635 1508 caelitus
1666 1443 1999 1508 deciduum
2029 1443 2257 1509 haustu
2291 1445 2540 1526 capiens

208 1575 260 1614 ιο
280 1544 642 1610 fabrefactis
708 1563 924 1610 manso
990 1544 1296 1629 florigeris
1363 1544 1644 1609 infundit
1710 1544 2100 1629 filiorumque
2175 1547 2539 1613 fabricatrix

278 1649 666 1729 uirginitatis
711 1665 859 1712 suae
902 1646 1173 1713 feturam
1217 1648 1330 1712 alit
1378 1653 1568 1730 atque
1612 1648 1843 1713 imbuit
1887 1651 2073 1713 ubere
2103 1648 2410 1727 fanorum,
2443 1651 2539 1715 ita
2654 1647 2661 1652 ’

278 1753 350 1816 111
414 1750 654 1816 66111661
710 1769 744 1814 6
799 1751 1065 1815 summis
1129 1749 1490 1816 auctoribus
1558 1749 1741 1814 uelut
1806 1769 1841 1816 e
1898 1751 2144 1833 magnis
2219 1751 2537 1818 montibus

277 1855 550 1921 doctiora
608 1870 884 1937 quaeque
939 1852 1119 1918 uelut
1172 1854 1395 1936 thyma
1438 1851 1777 1936 fraglantia
1821 1854 1887 1919 et
1934 1853 2292 1920 fecundiora
2334 1855 2538 1921 ueluti

277 1960 582 2039 quaedam
636 1955 856 2021 florida
911 1974 1318 2038 praecerpens
1376 1972 1526 2038 quos
1581 1955 1821 2039 ingenii
1876 1957 2064 2021 melle
2115 1958 2358 2041 repleas
2404 1961 2535 2026 elo·

207 2087 260 2127 15
278 2058 566 2142 quentiae
620 2057 870 2124 conficis
931 2059 1124 2140 fanos,
1180 2078 1211 2123 e
1270 2059 1495 2140 quibus
1551 2060 1711 2124 item
1775 2059 2216 2144 discipulorum
2283 2060 2538 2128 tibimet

276 2164 454 2228 uelut
507 2163 784 2227 filiorum
843 2161 1258 2228 numerositas
1305 2162 1536 2228 dilecta
1579 2163 1905 2244 formatur,
1952 2182 2110 2246 quae
2154 2162 2536 2231 Graecarum

275 2285 515 2348 quoque
559 2265 1033 2347 disciplinarum
1079 2268 1326 2330 nectare
1355 2264 1603 2330 imbuta
1646 2267 1773 2331 acsi
1817 2265 2004 2332 melle
2056 2267 2274 2332 Attico
2328 2273 2532 2351 pasta,

275 2372 348 2433 ut
393 2369 694 2452 occeperit
740 2367 1038 2434 scientiae
1083 2369 1300 2450 pennis
1331 2369 1625 2450 strepere,
1674 2368 2063 2450 eloquentiae
2093 2367 2267 2433 fauos
2300 2370 2534 2453 etipsa

277 2471 574 2538 conficiet.
649 2471 833 2536 modo
891 2471 961 2535 tu
1007 2470 1107 2535 fac
1150 2469 1510 2534 memineris
1563 2470 1821 2536 docendi
1873 2489 2102 2536 munus
2146 2471 2265 2539 tibi
2310 2491 2347 2539 a
2390 2491 2533 2556 pro-

205 2574 412 2643 mauis
479 2576 544 2639 et
598 2576 758 2640 citra
821 2572 1270 2639 hereditarium
1336 2573 1486 2651 fore,
1563 2592 1756 2655 eoque
1830 2574 2135 2655 copiosius
2201 2576 2268 2639 te
2333 2576 2534 2642 adniti

276 2680 556 2761 oportere
609 2676 920 2755 scientiae,
976 2694 1095 2759 quo
1151 2674 1484 2759 multiplex
1534 2676 1603 2740 in
1659 2678 1729 2741 te
1780 2694 1818 2739 a
1860 2676 2199 2742 maioribus
2256 2678 2535 2761 profecta

274 2782 402 2846 tuis
447 2778 732 2846 doctrina
783 2778 1098 2844 confluxit.

361 2902 738 2967 Admonitus
798 2918 1038 2982 1111611116
1102 2900 1187 2964 616
1233 2900 1476 2981 oportet
1520 2900 1897 2966 Viennensis
1954 2900 2127 2966 urbis
2181 2901 2530 2968 nobilitatis

278 3006 584 3087 antiquae,
647 3005 825 3070 cuius
882 3008 954 3069 tu
1011 3004 1165 3069 ciuis
1222 3007 1286 3068 et
1343 3004 1554 3070 doctor
1611 3023 1732 3071 non
1790 3008 1915 3071 otio
1975 3005 2199 3087 duplex
2250 3005 2531 3071 debitum

205 3136 256 3177 25
275 3109 499 3187 solues,
560 3126 597 3172 a
639 3124 756 3189 quo
812 3107 1104 3173 bifariam
1161 3108 1483 3190 quaeritur
1525 3109 1631 3173 uel
1684 3108 1970 3190 patribus
2016 3108 2384 3192 respondere
2427 3108 2531 3175 uel

273 3212 532 3294 patriae.
580 3210 738 3277 illud
768 3211 896 3276 iam
927 3211 994 3275 in
1024 3212 1146 3276 fine
1176 3212 1483 3278 sermonis
1513 3230 1816 3294 perquam
1846 3212 2248 3278 familiariter
2276 3230 2527 3295 11116666,

273 3316 347 3379 111
399 3314 622 3397 spretis
677 3314 1060 3380 nouitiarum
1116 3314 1615 3381 ratiuncularum
1668 3314 2015 3398 puerilibus
2059 3317 2241 3398 nugis
2285 3308 2531 3380 nullum

272 3416 630 3483 lectitandis
672 3416 770 3481 his
815 3419 1062 3499 tempus
1107 3417 1407 3498 1116111666,
1469 3414 1706 3502 <111166>
1758 3418 2056 3499 quasdam
2099 3418 2529 3482 resonantium

273 3522 809 3585 sermunculorum
862 3524 1112 3587 taureas
1158 3520 1368 3586 rotant
1413 3522 1480 3585 et
1523 3521 1854 3585 oratoriam
1884 3520 2316 3586 fortitudinem
2346 3522 2524 3603 plau-

201 3651 255 3691 36
276 3622 564 3689 dentibus
609 3623 1014 3689 concinentiis
1061 3624 1337 3690 euirant:
1385 3622 1665 3689 Naeuius
1712 3626 1775 3688 et
1818 3623 2083 3689 Plautus
2127 3623 2248 3688 tibi
2290 3623 2369 3688 ad
2399 3624 2528 3688 ele-

376 3930 410 3983 6
453 3927 620 3982 auelli
652 3927 933 3985 Baluzius
1136 3930 1171 3983 8
1205 3928 1328 3998 yble
1362 3930 1424 3984 E
1626 3932 1659 3985 9
1696 3930 1913 3998 apecula
1948 3930 2010 3984 E
2212 3930 2277 3983 13
2311 3932 2526 4001 thymia

269 4048 548 4103 Baluzius
750 4047 1039 4116 flagrantia
1072 4047 1380 4114 Baluzius,
1440 4048 1743 4117 fragrantia
1776 4049 1893 4104 rell.
1930 4048 2167 4103 editores
2372 4052 2435 4105 17
2474 4025 2526 4123 q⁰3

270 4152 332 4206 E
503 4152 569 4206 18
602 4152 826 4205 sciencie
861 4152 946 4217 E,
1000 4168 1102 4208 om.
1138 4152 1410 4208 Baluzius
1590 4152 1661 4207 23
1695 4152 2019 4207 ammonitus
2054 4154 2118 4207 Ε
2292 4154 2359 4209 25
2394 4171 2524 4225 que-

269 4254 413 4308 ritur
447 4254 509 4308 E
708 4253 778 4308 28
813 4268 947 4331 quae
982 4255 1236 4341 quasdam
1271 4255 1495 4325 scripsi,
1555 4255 1815 4325 quasdam
1852 4254 1935 4322 E,
1988 4270 2123 4324 quae
2159 4256 2287 4310 dum
2321 4256 2525 4313 Fabri·

268 4372 364 4410 cus
398 4356 521 4411 bibl.
557 4355 656 4410 lat.
689 4355 826 4411 med.
864 4356 907 4410 I
933 4360 1084 4412 1078
1285 4359 1354 4413 30
1387 4359 1777 4414 concinnentiis
1811 4361 1873 4415 E
