3175 5050
711 462 838 530 188
1482 457 1857 514 Claudiani
1890 455 2205 512 Mamerti

1718 699 1951 784 XVII.

709 907 983 958 coum
1039 906 1498 958 lusnmosvu
1539 909 1629 958 m·
1672 907 2267 958 GALVMMATORBM
2322 907 2574 958 nomm
2623 904 2953 956 mnonvu

710 1011 1060 1073 QVALI'I'ER
1084 1011 1532 1061 Dnvch'rvR
1557 1011 1652 1060 DE
1681 1010 1927 1060 Mvrmo
1955 1009 2337 1061 PROPOSVI'I·
2374 1009 2953 1060 cosman-snorum.

798 1149 960 1232 Quid
1004 1151 1077 1215 tu
1120 1151 1336 1234 igitur,
1381 1150 1472 1217 ait
1515 1148 1770 1234 aliquis,
1814 1169 1926 1236 per
1953 1149 2107 1216 haec
2135 1151 2261 1215 tria
2287 1150 2617 1216 uolumina
2644 1150 2953 1214 aduersum

711 1249 967 1318 breuem
1011 1255 1308 1338 paginam
1353 1254 1665 1339 spatiatus
1710 1272 1791 1331 es,
1839 1254 1894 1320 si
1938 1252 2206 1319 uerbum
2249 1251 2447 1320 uerbo
2476 1254 2679 1320 satis?
2724 1254 2829 1318 sed
2856 1269 3000 1316 nens

711 1355 778 1422 id
825 1357 1062 1441 negotii
1119 1361 1216 1424 est
1277 1356 1595 1424 fallaciam
1648 1359 1905 1436 struere,
1952 1356 2115 1442 quod
2159 1357 2497 1424 destruere.
2575 1359 2771 1439 neget
2813 1356 2954 1438 quis·

712 1461 884 1544 piam
950 1461 1282 1544 sphaeram
1347 1479 1482 1526 esse
1548 1462 1890 1527 mundum:
1965 1478 2087 1528 uno
2143 1461 2394 1543 quidem
2463 1461 2583 1528 hoc
2636 1460 2754 1526 ille
2796 1457 2956 1526 uerbo

713 1563 1056 1645 negauerit,
1103 1565 1213 1630 sed
1258 1582 1383 1630 non
1427 1564 1494 1629 id
1540 1582 1664 1628 uno
1694 1563 1851 1628 item
1881 1562 2073 1630 uerbo
2118 1555 2225 1628 'uel
2252 1563 2551 1630 Timaeus
2578 1560 2957 1630 adstruxerit.

711 1666 972 1748 proinde
1037 1668 1337 1752 quidquid
1402 1666 1565 1735 illud
1630 1666 2043 1749 ampliuscule
2109 1666 2509 1732 sermocinati
2568 1685 2807 1743 sumus,
2858 1681 2955 1728 non

713 1771 895 1834 modo
955 1770 1090 1835 sola
1145 1769 1292 1836 falsi
1353 1770 1725 1852 confutatio,
1789 1771 1896 1836 sed
1949 1771 2084 1836 ueri
2129 1770 2323 1836 etiam
2366 1768 2573 1852 coegit
2616 1767 3003 1836 adstructio.1o

717 1869 945 1954 quippe
992 1873 1312 1938 diuersum
1379 1873 1476 1938 est
1531 1872 1829 1939 dedocere
1871 1872 2053 1938 noxia
2097 1875 2159 1937 et
2196 1871 2381 1938 utilia
2423 1872 2663 1952 docere,
2710 1889 2825 1938 nec
2865 1870 2957 1934 hoc

717 1971 884 2036 idem
946 1976 1043 2038 est
1085 1978 1324 2039 sentem
1369 1975 1499 2040 solo
1545 1976 1798 2051 uellere,
1860 1977 2023 2057 quod
2083 1975 2330 2060 frugem
2373 1975 2592 2053 iacere,
2666 1993 2799 2040 non
2840 1991 2957 2058 ergo

715 2075 782 2140 id
825 2076 1032 2159 ipsum
1080 2078 1176 2142 est
1222 2096 1434 2142 eruere
1481 2077 1733 2158 uitium,
1781 2078 1946 2159 quod
1990 2097 2192 2143 serere
2235 2077 2561 2143 uirtutem.
2629 2079 2833 2144 multo
2861 2076 2958 2158 igi-

718 2179 826 2242 tur
870 2180 1138 2263 amplius
1183 2198 1404 2264 operae
1458 2182 1896 2248 insumendum
1919 2175 2037 2248 ¹est
2081 2181 2151 2248 in
2195 2183 2460 2266 utroque
2504 2182 2756 2260 horum,
2801 2199 2959 2264 quam

716 2281 785 2346 in
831 2281 1226 2348 alterutrum.
1299 2302 1482 2368 porro
1543 2287 1756 2351 autem
1816 2304 1958 2351 cum
2021 2291 2287 2368 utraque
2347 2286 2587 2369 agitare
2638 2285 2805 2350 mihi
2844 2300 3002 2366 pro-1⁵
3072 2261 3074 2316 ⁴

715 2382 931 2450 uincia
994 2385 1206 2467 fuerit,
1271 2388 1340 2452 in
1405 2391 1542 2454 tam
1606 2390 1967 2472 praepedito
2033 2390 2285 2474 negotio
2349 2388 2720 2472 praesertim
2786 2386 2960 2470 magis

716 2489 883 2556 mira
942 2491 1040 2555 est
1096 2491 1370 2573 parcitas
1431 2509 1619 2576 quam
1670 2491 2017 2576 prolixitas,
2095 2510 2244 2557 nam
2290 2511 2433 2558 cum
2476 2509 2613 2559 sese
2656 2489 2958 2559 undeunde

721 2593 1133 2659 clarescentes
1179 2598 1368 2678 atque
1413 2596 1798 2661 ostentantes
1843 2598 2177 2679 proderent
2219 2596 2500 2680 aliasque
2544 2595 2959 2679 multipliciter

719 2695 1185 2779 progignerent,
1251 2698 1444 2763 latius
1515 2698 1811 2765 dicendae
1884 2717 2105 2764 causae
2176 2697 2553 2782 praescripsi
2629 2714 2957 2770 numerum,

720 2798 974 2864 modum
1019 2801 1232 2883 statui,
1278 2801 1551 2867 limitem
1595 2802 1723 2881 fixi,
1766 2822 1845 2869 ne
1888 2805 1994 2869 uel
2040 2802 2107 2867 in
2151 2802 2349 2867 aciem
2394 2802 2607 2886 plures
2636 2798 3001 2868 necessarios·
3070 2792 3072 2815 ¹

718 2902 1058 2984 proferrem
1124 2904 1227 2970 uel
1294 2904 1529 2971 diutius
1575 2909 1723 2971 rato
1782 2910 2081 2972 certarem
2148 2906 2255 2971 uel
2308 2905 2559 2990 longius
2617 2906 2786 2970 iusto
2838 2919 2956 2987 pro-

720 3004 1026 3072 cederem.

722 3379 756 3433 6
809 3381 1091 3450 negotium
1141 3380 1200 3436 R
1430 3382 1705 3438 dextruere
1756 3385 1856 3452 M,
1914 3384 2127 3439 destrue
2183 3385 2239 3440 R
2395 3428 2401 3433 .
2482 3384 2514 3437 7
2568 3398 2811 3452 spaeram
2860 3378 2957 3440 AC,

722 3482 929 3535 speram
969 3466 1246 3523 GHLRS
1449 3469 1482 3522 8
1525 3473 1823 3539 negauerat
1867 3470 1923 3525 Β
2130 3470 2164 3525 9
2204 3470 2392 3525 uerbis
2426 3469 2771 3524 sermocinati
2806 3480 2958 3521 sumus

723 3550 930 3606 desinit
973 3551 1144 3607 codex
1189 3553 1246 3609 R
1453 3555 1520 3609 15
1563 3556 1827 3610 alterutro
1854 3560 1940 3625 μ’,
1999 3555 2240 3622 fortasse
2274 3558 2563 3625 utrumque
2595 3556 2663 3609 in
2696 3556 2799 3611 lin.
2832 3556 2958 3607 ante·

723 3636 950 3692 cedente
984 3638 1337 3694 scribendum
1542 3640 1603 3693 in
1638 3647 1769 3696 mae
1803 3645 2032 3711 utraque
2065 3642 2195 3697 add.
2240 3642 2354 3697 Mb
2563 3643 2631 3697 16
2678 3638 2957 3711 praepedito

724 3722 780 3788 b,
839 3720 1051 3791 prodito
1102 3725 1202 3789 M,
1260 3725 1495 3794 praediti
1552 3727 1623 3794 G,
1681 3727 1913 3796 praedici
1979 3728 2047 3793 Ο,
2106 3726 2367 3798 praedicti
2417 3728 2643 3784 ABHS
2685 3729 2762 3798 (L
2804 3727 2957 3787 deest),

721 3808 995 3878 praedicto
1041 3810 1232 3876 ΒΕΓ,
1301 3811 1559 3880 praedicti
1606 3812 1810 3868 laboris
1860 3813 1981 3869 θοὴ.
2019 3831 2048 3869 e
2081 3814 2197 3869 cod.
2238 3814 2315 3869 T·
2495 3814 2559 3868 17
2614 3813 2754 3868 unde
2816 3808 2956 3871 CF&
3066 3816 3068 3861 ἔ

721 3896 1034 3951 undecunde
1063 3900 1130 3965 1⁰²
1338 3899 1403 3952 18
1437 3898 1718 3967 proderint
1750 3901 1863 3954 AB
1873 3900 2078 3965 GDH1,
2136 3899 2477 3969 prodiderint
2511 3898 2624 3953 Mb
2828 3896 2956 3951 alius-

724 3998 826 4051 que
870 3982 1171 4052 ABHLS,
1231 3983 1475 4052 aliosque
1517 3984 1709 4051 DEF,
1770 3985 1980 4055 aliaque
2031 3984 2085 4041 G
2290 3985 2623 4054 multiplicer
2657 3984 2742 4053 Β,
2798 3979 2957 4037 multi-

723 4068 888 4137 plices
921 4068 1103 4122 ΒΕΓ
1301 4056 1541 4139 aliasque
1577 4071 1961 4139 multipliciter
1993 4071 2315 4141 pgignerint
2351 4086 2453 4126 om.
2490 4070 2599 4138 M¹,
2635 4070 2765 4129 aad.
2800 4068 2883 4122 Μ’
2908 4067 2957 4118 iu

723 4206 894 4261 mary.
1104 4192 1169 4246 19
1213 4158 1619 4262 ΡιὌςθιιιιεὶῐίιιὺθ
1640 4193 1673 4247 b
1878 4192 2161 4248 discendae
2206 4194 2320 4249 Mb
2526 4194 2593 4248 21
2650 4162 2869 4247 certiore
2913 4184 2956 4248 S,

723 4276 1003 4331 certiorem
1037 4277 1090 4332 L
1297 4277 1700 4347 procederemus
1734 4277 1788 4331 L

824 3294 860 3347 4
893 3293 992 3363 ait]
1029 3297 1124 3349 aut
1161 3295 1380 3362 ΒΗἮ,
1430 3298 1496 3351 ut
1529 3300 1584 3351 A
1757 3298 2015 3353 aduersus
2051 3299 2180 3354 libri
2197 3303 2425 3368 praeter
2458 3296 2634 3354 GGM
2650 3301 2706 3351 et
2729 3296 2849 3352 Sch-
