3175 5050
2564 459 2643 505 111

481 623 680 690 Codex
724 623 1047 688 Parisinus
1089 623 1200 690 lat.
1245 645 1339 690 nr.
1388 623 1597 691 18080
1647 623 1823 705 (olim
1868 624 1935 688 ῖς.
1971 624 2261 689 Martini
2305 647 2347 689 a
2398 629 2640 709 campis
2674 631 2719 694 F

400 727 646 792 ordinis
700 717 1192 811 Cluniacensis’)
1236 726 1301 790 in
1334 725 1404 792 8⁰
1461 719 1804 794 membran.
1868 727 2003 794 foll.
2038 727 2115 792 81
2150 746 2309 795 saec.
2340 728 2467 795 XII
2499 748 2643 794 con-

401 831 563 896 tinet
606 849 642 896 a
686 831 791 899 fol.
843 831 946 895 10r
985 849 1180 913 usque
1225 831 1305 895 ad
1351 829 1457 895 fol.
1504 831 1615 896 40r
1660 828 1985 895 Claudiani
2029 830 2323 897 Mamerti
2368 832 2442 897 de
2474 837 2645 896 statu

407 935 648 999 animae
691 933 881 998 libros
918 935 1126 998 eodem
1173 932 1390 1014 utique
1421 933 1634 998 ordine
1665 951 1785 1014 quo
1814 933 1865 997 Ε
1896 933 2192 1018 digestoS,
2228 952 2369 1000 cum
2403 936 2645 1018 capitu-

328 1119 334 1124 ·
401 1038 600 1102 lorum
643 1035 1230 1119 praescriptionibus
1274 1055 1464 1118 aeque
1511 1054 1583 1100 ac
1630 1035 1685 1100 D
1732 1036 1958 1102 careat.

483 1189 681 1256 Codex
725 1189 1218 1254 vindobonensis
1263 1209 1355 1253 nr.
1404 1190 1574 1255 1030
1634 1191 1873 1272 (Theol.
1918 1190 2067 1270 417,
2126 1193 2277 1256 olim
2326 1193 2477 1276 1873
2524 1193 2645 1258 fuit
2676 1195 2730 1261 Gr

396 1293 548 1358 olim
593 1292 958 1357 monasterii
987 1311 1039 1356 s.
1074 1292 1376 1377 Floriani)
1423 1293 1768 1359 miscellan.
1800 1312 1959 1359 saec.
1990 1293 2355 1359 XI--XIII
2384 1293 2643 1359 membr.

395 1395 632 1460 formae
676 1396 1016 1476 quadratae
1060 1395 1350 1460 foliorum
1399 1395 1524 1461 175
1566 1397 1843 1483 continet
1900 1397 2045 1461 inde
2090 1415 2127 1460 a
2170 1397 2277 1463 fol.
2322 1397 2651 1462 31¹—9912

397 1497 810 1563 Claudianum
867 1497 1251 1562 Mamertum
1315 1500 1497 1580 (saec.
1544 1498 1637 1562 XI
1684 1498 1918 1582 incip).
1966 1499 2192 1563 desunt
2234 1500 2647 1581 capitulorum

401 1601 586 1665 index
627 1603 691 1665 et
735 1600 1012 1682 epistula
1055 1601 1296 1666 Fausti.
1365 1599 1690 1666 Claudiani
1734 1619 1885 1683 opus
1930 1601 1991 1664 in
2058 1603 2334 1684 capitula
2376 1603 2648 1667 diuisum

405 1721 530 1769 non
603 1705 725 1781 est,
813 1705 1042 1785 quippe
1114 1721 1377 1785 quorum
1449 1721 1563 1768 nec
1636 1702 2149 1785 praescriptiones
2221 1724 2333 1770 nec
2404 1707 2647 1770 numeri

403 1808 752 1889 appareant.

484 1959 684 2025 Codex
753 1958 1153 2025 Einsidlensis
1220 1978 1314 2025 nr.
1383 1959 1509 2024 318
1583 1959 1932 2025 membran.
2006 1961 2075 2025 in
2138 1961 2211 2024 4⁰
2274 1962 2647 2045 paginarum
2678 1965 2740 2028 H

405 2063 528 2129 173
573 2064 1038 2128 numeratarum
1081 2082 1239 2128 saec.
1283 2065 1345 2129 X
1389 2063 1849 2144 elegantissime
1894 2065 2163 2148 scriptus
2209 2066 2439 2146 eadem,
2497 2083 2651 2147 quae

400 2167 588 2233 codex
628 2167 702 2249 Β,
749 2167 814 2231 et
859 2169 1070 2232 eodem
1116 2168 1328 2232 ordine
1375 2167 1613 2250 digesta
1659 2169 1958 2232 continet.

489 2339 692 2405 Codex
734 2339 1161 2424 Sangallensis
1205 2359 1305 2406 nr.
1349 2340 1472 2406 846
1517 2338 1863 2406 membran.
1910 2340 1976 2405 in
2020 2341 2090 2404 4⁰
2120 2339 2489 2425 paginarum
2524 2340 2647 2404 142
2676 2341 2733 2404 L

405 2461 562 2508 saec.
619 2443 680 2508 X
736 2442 936 2507 nitide
995 2442 1265 2527 scriptus
1325 2443 1548 2527 incipit
1608 2462 1645 2509 a
1697 2442 1903 2508 uerbis
1959 2442 2289 2508 Claudiani
2348 2443 2423 2506 de
2479 2444 2651 2507 statu

405 2548 648 2613 animae
718 2548 862 2613 libri
919 2551 953 2609 I
1017 2565 1146 2630 cap.
1204 2548 1240 2611 I
1306 2550 1496 2611 extr.:
1569 2547 1911 2627 inspiJoere
1963 2546 2165 2631 plane
2230 2566 2363 2611 non
2428 2546 2649 2625 abnui,

406 2669 559 2732 quae
604 2650 982 2715 antecedunt
1023 2649 1476 2713 interciderunt
1519 2652 1792 2731 itemque
1837 2649 2081 2726 folium,
2119 2652 2276 2733 quod
2310 2653 2446 2714 erat
2488 2650 2652 2715 inter

408 2753 703 2836 paginam
745 2753 832 2817 40
861 2753 923 2817 et
965 2750 1046 2815 41
1099 2751 1198 2833 (cf.
1245 2751 1392 2817 edit.
1437 2769 1582 2835 pag.
1634 2752 1737 2831 67,
1786 2752 2091 2837 18—72‚
2138 2752 2229 2837 1).
2274 2752 2413 2817 inde
2443 2772 2479 2817 a
2508 2771 2649 2835 pag.

409 2856 527 2921 107
585 2854 874 2920 foliorum
929 2854 1250 2919 inferiores
1295 2855 1500 2939 partes
1547 2854 1837 2920 sinistrae
1885 2856 2193 2921 abscissae
2240 2857 2405 2933 sunt,
2465 2875 2651 2942 quam

403 2960 479 3023 ad
543 2976 678 3022 rem
743 2957 902 3021 illud
947 2952 1038 3021 ‘L
1090 2958 1277 3024 deest’
1341 2960 1407 3023 in
1473 2958 1868 3025 adnotatione
1934 2959 2153 3025 critica
2216 2960 2429 3025 nostra
2492 2958 2651 3023 refe-

401 3062 662 3125 rendum
708 3064 822 3125 est.

486 3214 692 3280 Codex
736 3214 1150 3281 bibliothecae
1195 3214 1623 3280 uniuersitatis
1654 3215 1995 3297 Lipsiensis
2025 3236 2118 3280 nr.
2151 3216 2277 3281 286
2306 3216 2649 3281 membran.
2680 3212 2749 3276 M

409 3319 479 3382 in
535 3316 604 3383 8⁰
645 3318 938 3381 foliorum
995 3320 1072 3382 77
1121 3337 1278 3384 saec.
1327 3318 1420 3381 XI
1466 3321 1727 3381 exeunte
1785 3322 2065 3384 exaratus
2122 3318 2283 3383 hanc
2338 3320 2528 3384 habet
2583 3319 2653 3383 in

407 3422 514 3486 fol.
559 3420 630 3485 2¹¹
687 3425 932 3488 notam:
999 3420 1154 3486 liber
1177 3510 1183 3515 ᾖ
1209 3422 1444 3487 cenobii
1499 3422 1729 3486 ueteris
1787 3421 1971 3485 cellae
2024 3422 2296 3503 reposita
2342 3421 2461 3507 (sic
2478 3425 2522 3505 Ξ)
2568 3421 2655 3486 ad

408 3540 834 3607 bibliothecam
899 3539 1224 3623 publicam
1290 3562 1461 3607 anno
1529 3522 1645 3607 ’ἦῆ
1710 3539 1939 3607 salutis
1996 3546 2119 3607 1·7
2132 3546 2301 3607 -0·0.
2378 3542 2655 3607 continet

407 3644 566 3710 liber
635 3647 882 3728 praeter
957 3663 1046 3724 ea,
1122 3663 1278 3727 quae
1350 3646 1416 3709 in
1484 3644 1692 3711 ΑΒΗ
1766 3645 2024 3724 exstant,
2100 3645 2263 3711 solus
2322 3646 2655 3728 epistulam

409 3746 731 3813 Claudiani
788 3748 1084 3813 Mamerti
1139 3749 1217 3813 ad
1275 3748 1613 3824 Sidonium,
1672 3767 1827 3829 quae
1885 3748 2110 3830 epilogi
2170 3747 2306 3813 uice
2350 3746 2532 3811 libris
2579 3751 2653 3813 de

405 3852 576 3915 statu
621 3850 862 3915 animae
907 3852 1148 3916 adiecta
1195 3851 1289 3916 est
1346 3851 1450 3933 (cf.
1501 3851 1651 3915 edit.
1698 3869 1841 3935 pag.
1898 3849 2017 3914 191
2067 3851 2247 3933 sqq).
2295 3869 2404 3933 per
2448 3851 2655 3915 totum

407 3954 676 4019 codicem
729 3954 970 4037 glossae
1028 3955 1194 4019 inter
1260 3955 1457 4019 lineas
1519 3953 1805 4036 scriptae,
1874 3954 2099 4037 quibus
2146 3953 2424 4036 singulae
2468 3972 2653 4019 uoces

407 4058 809 4139 explicantur,
878 4059 1291 4140 reperiuntur.
1361 4059 1436 4122 ab
1494 4057 1707 4123 eadem
1766 4078 1957 4123 manu
2013 4058 2163 4122 satis
2222 4058 2497 4142 antiqua,
2556 4057 2651 4122 cui

407 4160 647 4243 glossae
712 4162 1028 4240 debent-ur,
1097 4161 1163 4225 in
1220 4161 1500 4245 margine
1559 4161 1837 4226 adiectae
1896 4164 2041 4225 sunt
2086 4160 2293 4227 uariae
2351 4162 2649 4226 lectiones

406 4263 650 4328 lineolis
679 4262 885 4328 rubris
917 4262 1358 4328 circumductis
1391 4263 1749 4345 insignitae.
1799 4264 2208 4347 capitulorum
2244 4263 2649 4347 praescripti-

406 4384 552 4431 ones
596 4366 665 4430 in
708 4366 842 4448 ipso
887 4368 1179 4447 contextu
1221 4366 1531 4446 leguntur.

2376 4482 2449 4535 a*
