3175 5050
2316 507 2550 556 xxxm

285 677 485 764 rell.),
559 675 658 759 19,
709 675 787 740 13
847 674 1070 740 abhinc
1131 673 1244 756 (ad
1293 673 1460 740 hanc
1504 673 1668 758 rell.)
1686 722 1706 758 ,
1772 673 1879 757 24,
1925 674 2004 739 11
2064 675 2362 742 oberrans
2406 677 2551 760 (ab-

282 799 511 848 errans
554 779 740 860 rell.),
806 777 911 864 25,
954 777 1034 844 21
1083 781 1398 843 nouerant
1443 780 1781 854 (nouerant
1824 775 2017 861 rell.),
2084 777 2189 863 33,
2234 779 2316 844 21
2374 779 2551 846 haud

289 885 434 970 (aut
473 882 664 965 rell.),
710 881 814 962 34,
860 882 904 946 4
949 881 1315 965 contaqionc
1361 885 1534 965 (cum
1580 881 1656 961 R,
1702 881 2081 966 coyitatione
2122 881 2311 967 rell.),
2356 883 2464 969 34,
2508 883 2549 948 9

285 991 362 1053 ut
412 986 588 1071 (cum
629 985 725 1061 H,
782 1003 902 1051 om.
957 983 1149 1069 rell.),
1217 983 1322 1064 53,
1371 985 1449 1049 17
1509 983 1586 1049 dc
1645 982 1817 1067 (oum
1862 981 2123 1063 H²LS⁹,
2192 1002 2313 1050 om.
2357 985 2549 1070 rell.),

285 1092 390 1169 54,
441 1090 519 1156 17
575 1087 844 1170 suscipit
898 1086 1068 1168 (cum
1118 1084 1213 1166 δ’,
1277 1086 1550 1168 suscepit
1593 1085 1788 1166 rell.),
1848 1087 1957 1172 63,
2001 1086 2044 1154 5
2098 1090 2174 1152 ut
2229 1085 2401 1171 (cum
2457 1085 2549 1173 8⁹,

282 1198 344 1260 ct
386 1191 576 1276 rell.),
644 1190 750 1270 63,
794 1190 876 1256 23
921 1188 1147 1256 diuelli
1197 1188 1509 1272 (diuidere
1551 1188 1661 1254 illi
1703 1190 1849 1272 AB,
1914 1188 2131 1255 diuidi
2174 1190 2547 1275 DEFLR2,

283 1294 570 1360 diuidere
611 1314 656 1358 a
689 1297 880 1374 parte
923 1291 1028 1358 illi
1069 1291 1269 1376 118¹),
1330 1292 1431 1369 70,
1483 1292 1564 1358 10
1607 1309 1734 1358 esse
1778 1311 1903 1358 om.
1949 1292 2123 1378 (cum
2164 1294 2266 1376 L),
2316 1292 2416 1374 71,
2469 1292 2553 1358 14

285 1397 575 1462 revisunt
633 1394 900 1480 (reuersi
955 1396 1061 1462 uel
1119 1414 1362 1460 rcucrsc
1416 1399 1572 1462 sunt
1610 1395 1775 1477 rell.)
1840 1397 1905 1462 et
1960 1398 2205 1479 praeter
2246 1397 2359 1462 hos
2401 1397 2545 1480 plus

285 1501 546 1586 triginta
587 1498 758 1566 locis.

372 1638 579 1704 Libris
627 1636 829 1706 CGM
875 1636 1401 1703 consentientibus
1445 1634 1619 1702 nullo
1663 1636 1797 1700 loco
1842 1637 2032 1702 codex
2076 1636 2147 1720 E,
2194 1637 2250 1702 si
2294 1637 2546 1719 quidem

288 1761 328 1807 a
370 1760 558 1806 manu
602 1740 799 1805 altera
846 1740 1156 1805 correctus
1203 1739 1316 1820 est,
1363 1741 1440 1805 ab
1484 1738 1617 1804 illis
1650 1738 1968 1804 dissentit.
2012 1736 2229 1822 itaque
2259 1739 2549 1804 omnibus

287 1845 440 1909 locis
486 1842 668 1908 modo
715 1841 925 1908 allatis
970 1842 1022 1906 E
1067 1859 1192 1906 non
1238 1841 1584 1906 correctum
1631 1859 1765 1906 esse
1810 1840 2155 1906 tenendum
2185 1842 2301 1907 est.
2372 1859 2551 1907 acce-

287 1947 385 2012 dit
442 1947 655 2011 autem
713 1943 863 2009 libri
907 1941 990 2008 ΕΡ
1031 1944 1493 2010 testimonium:
1561 1944 1667 2022 25,
1716 1942 1749 2006 1
1800 1963 1962 2026 quae
2008 1943 2167 2030 (qua
2208 1945 2397 2028 rell.),
2443 1945 2549 2031 26,

292 2051 370 2114 11
423 2045 829 2134 (uideamus)
883 2050 1031 2130 (om.
1075 2045 1263 2129 rell.),
1336 2046 1437 2126 85,
1486 2047 1566 2112 21
1628 2047 1909 2129 corporis
1974 2047 2312 2132 (corporcis
2354 2049 2549 2134 rell.),

293 2151 436 2230 117,
486 2149 564 2214 17
622 2145 1131 2213 intellectualiter
1181 2147 1782 2230 (intellectuabilitcr
1838 2150 2003 2233 rell.)
2025 2201 2044 2236 ,
2117 2150 2261 2229 122,
2319 2151 2362 2216 9
2418 2170 2554 2216 crc-

284 2251 479 2318 dcndi
530 2250 944 2335 (credentibus
985 2249 1172 2334 rell.),
1224 2249 1364 2330 145,
1415 2251 1495 2316 15
1537 2254 1747 2316 creato
1799 2253 2040 2332 (creata
2080 2253 2271 2335 rell.),
2322 2254 2465 2334 146,
2512 2251 2553 2318 3

285 2377 364 2422 cx
425 2355 528 2420 his
591 2355 826 2420 duobus
891 2353 1055 2436 quod
1121 2372 1239 2418 om.
1307 2353 1472 2431 (add.
1529 2353 1691 2433 rell.)
1708 2404 1725 2439 ,
1799 2354 1941 2438 172,
2013 2355 2050 2419 7
2114 2359 2553 2439 arqumcntum

283 2458 715 2546 (armamentis
757 2456 937 2539 rell.),
989 2456 1134 2541 177,
1173 2457 1248 2521 11
1283 2457 1433 2521 istos
1482 2456 1669 2539 (istuc
1698 2455 1805 2525 uel
1833 2457 2024 2523 istius
2051 2458 2239 2545 rell.),
2291 2458 2435 2546 177,
2470 2461 2550 2527 12

286 2564 600 2629 hominem
647 2562 1004 2649 (hominum
1040 2561 1228 2643 rell.),
1277 2561 1358 2629 cf.
1405 2562 1510 2643 86,
1563 2562 1665 2627 13.
1711 2563 1817 2646 93,
1865 2562 1926 2627 2.
1976 2562 2119 2641 124,
2158 2564 2220 2630 9.
2270 2563 2413 2644 138,
2450 2564 2549 2629 11.

292 2666 437 2752 150,
489 2670 544 2733 1.
593 2665 737 2742 170,
787 2665 887 2732 19.

376 2802 781 2871 Paucissimis
846 2803 1097 2867 tantum
1156 2801 1312 2867 locis
1369 2802 1450 2868 ab
1512 2803 1735 2887 optimi
1796 2803 1968 2869 illius
2028 2802 2177 2869 libri
2221 2802 2549 2887 scriptura,

287 2907 398 2991 qui
453 2925 749 2974 consensu
810 2906 1094 2971 codicum
1140 2904 1342 2971 OGM
1361 2905 1494 2989 (Ea)
1556 2907 2083 2989 repraesentatur,
2142 2906 2550 2972 recedendum

291 3029 423 3076 esse
482 3008 722 3093 putaui.
796 3009 900 3093 26,
946 3010 987 3074 2
1046 3011 1210 3076 enim
1268 3008 1621 3075 occultatur
1680 3027 1789 3093 pro
1834 3010 2145 3077 occulitur
2191 3008 2263 3093 (C
2278 3008 2442 3091 GM)
2490 3014 2554 3074 et

287 3114 393 3193 26,
442 3115 482 3179 3
525 3112 835 3179 occultari
879 3130 990 3194 pro
1036 3112 1240 3177 occuli
1283 3110 1359 3194 (C
1379 3110 1553 3197 GM)
1600 3114 1992 3180 scribendum
2040 3131 2174 3179 esse
2220 3112 2554 3178 uidebatur

290 3219 544 3300 propter
608 3215 963 3281 occultandi
1032 3215 1293 3281 uerbum
1362 3216 1552 3282 etiam
1621 3217 1725 3297 25,
1790 3216 1871 3281 14
1934 3216 2291 3282 adhibitum
2357 3234 2554 3300 neque

292 3320 555 3385 uerbum
616 3318 1148 3403 frequentatiuum
1194 3317 1428 3402 optime
1485 3319 1786 3401 quadrare
1831 3320 2041 3403 negari
2086 3322 2310 3401 potest.
2396 3319 2552 3385 adde

289 3422 455 3507 quod
528 3424 730 3506 priore
801 3422 934 3487 loco
1010 3421 1291 3502 proxime
1363 3424 1675 3488 antecedit
1732 3422 2141 3503 propalatur,
2217 3420 2379 3487 unde
2443 3440 2552 3504 per

283 3522 776 3608 ὁμοιοτέλευτον
819 3522 1168 3589 occultatur
1209 3522 1627 3591 Claudianum
1672 3524 1989 3608 scripsisse
2033 3522 2214 3591 facile
2258 3524 2551 3591 conicias.

290 3628 483 3694 ceteri
528 3628 667 3704 loci,
714 3627 940 3710 quibus
985 3628 1201 3693 contra
1243 3625 1444 3693 GGM
1487 3628 1870 3711 reliquorum
1925 3629 2204 3695 codicum
2264 3628 2556 3694 lectiones

287 3732 655 3814 recepimuS,
723 3730 923 3797 multo
991 3729 1250 3796 minoris
1312 3732 1615 3798 momenti
1672 3732 1839 3807 sunt,
1909 3734 2085 3798 uelut
2149 3733 2251 3816 26,
2305 3732 2378 3797 21
2443 3730 2556 3797 ubi

289 3832 562 3901 GGMR
606 3832 752 3899 istic
794 3852 906 3916 pro
951 3834 1098 3913 ista,
1143 3833 1250 3917 27,
1296 3834 1339 3899 2
1385 3834 1492 3901 ubi
1535 3854 1697 3916 quac
1739 3835 1875 3917 ipsc
1917 3855 2029 3918 pro
2058 3835 2195 3917 ipsc
2224 3852 2403 3916 quac,
2448 3833 2553 3913 59,

284 3937 333 4001 9
379 3939 444 4001 et
487 3936 590 4016 97,
635 3936 716 4001 21
762 3936 874 4002 ubi
916 3936 1074 4018 quia
1116 3956 1227 4020 pro
1270 3956 1400 4019 qua
1440 3937 1763 4021 praebent.

378 4089 518 4157 Iam
562 4107 708 4155 uero
755 4089 811 4155 si
857 4107 949 4168 ea,
995 4108 1153 4173 quae
1182 4090 1306 4155 huc
1336 4108 1532 4173 nsque
1561 4090 2039 4177 disputauimus,
2070 4091 2550 4177 consideramus,

287 4190 370 4257 de
421 4191 685 4275 ‚optimis
747 4190 1070 4257 Claudiani
1136 4192 1318 4259 libris
1375 4193 1529 4259 haec
1587 4194 1933 4261 redundare
1991 4192 2302 4261 uidentur.
2376 4212 2555 4277 prae-

285 4294 721 4364 stantissimus
781 4296 880 4361 est
932 4296 1120 4361 oodex
1163 4296 1263 4378 M,
1333 4295 1433 4363 cui
1478 4296 1763 4364 bonitate
1807 4296 2085 4380 proxime
2128 4296 2435 4365 accedunt
2479 4295 2559 4382 G,

285 4414 433 4463 cum
482 4416 602 4481 quo
649 4396 734 4465 ΕΩ
794 4401 930 4465 arte
990 4399 1293 4480 cohaeret,
1355 4402 1417 4465 et
1461 4398 1529 4466 Ο.
1606 4402 1713 4470 sed
1759 4404 1823 4467 et
1867 4400 1938 4467 Μ
1982 4401 2049 4469 et
2091 4399 2147 4469 G
2189 4400 2559 4475 arbitrariae

395 4514 495 4571 XI.
2322 4536 2352 4575 c
