3175 5050
2515 447 2613 494 XV

359 622 562 704 defore
619 623 688 686 M
703 671 718 700 ,
788 621 890 702 66,
943 623 972 682 1
1032 621 1092 684 si
1151 617 1458 682 aliorsum
1515 621 1778 682 mentem
1835 617 2085 682 oculum
2138 617 2373 681 scilicet
2424 635 2609 680 saum

363 725 642 808 uerterit]
701 726 762 788 si
813 723 995 788 aliud
1039 741 1300 786 rursum
1343 722 1626 804 eoqitaris
1668 726 1871 786 mente
1916 721 2045 786 alio
2090 719 2339 785 oculum
2382 719 2614 783 scilicet

363 849 412 894 s,
458 849 520 893 u.
569 831 658 912 M,
709 828 852 905 127,
901 826 982 892 15
1022 845 1214 907 super
1258 825 1356 889 his
1400 844 1530 888 non
1575 824 2085 951 arqzmentabor]
2130 842 2321 903 super
2363 820 2466 885 his
2508 821 2613 887 de-

364 964 845 1048 aryumentabor
887 963 958 1027 M
1002 966 1165 1047 (erat
1209 963 1342 1028 sine
1387 962 1572 1027 dubio
1618 981 1808 1044 super
1853 962 1951 1052 liis
1996 982 2061 1024 ri.
2108 983 2189 1042 a„
2237 966 2307 1026 ut
2359 960 2499 1040 128,
2536 959 2615 1024 12

363 1068 552 1202 suffer
595 1120 819 1184 amma
861 1120 927 1184 in
971 1119 1042 1183 M
1072 1119 1320 1200 exstat),
1373 1117 1518 1196 133,
1567 1118 1603 1181 7
1654 1118 1828 1183 lucas
1858 1117 2059 1202 boues]
2105 1116 2322 1182 beluas
2350 1119 2407 1180 et
2440 1114 2617 1180 boues

365 1224 541 1288 lucas
583 1225 671 1288 M.

491 1345 628 1410 Iam
687 1344 741 1408 si
800 1343 1184 1426 reputaueris
1243 1343 1431 1407 etiam
1490 1342 1720 1408 omissa
1765 1359 1897 1406 esse
1942 1341 2149 1406 multa
2194 1359 2303 1423 per
2351 1359 2621 1405 errorem

365 1447 432 1512 in
476 1446 680 1512 codice
723 1446 811 1528 M,
859 1447 1033 1511 uelut
1082 1446 1179 1519 10,
1226 1445 1269 1510 5
1311 1445 1650 1508 secundwm
1679 1481 1765 1494 -
1794 1462 2059 1526 corpora
2102 1462 2224 1508 om.
2274 1441 2389 1522 M¹‚
2442 1444 2540 1525 18,
2580 1442 2621 1506 2

367 1551 427 1612 et
467 1548 702 1630 optimo
749 1549 925 1630 (M¹)‚
994 1547 1094 1626 19,
1141 1547 1182 1612 2
1226 1566 1442 1611 amnes
1489 1545 1676 1632 (Ml),
1738 1547 1841 1623 27,
1888 1547 1928 1611 3
1972 1545 2328 1610 accidentia
2362 1581 2437 1591 -
2470 1545 2623 1628 quia

370 1650 544 1736 (M¹)‚
589 1652 691 1734 29,
724 1651 765 1715 5
803 1651 1332 1732 conpatienbis—
1352 1650 1565 1733 sensit,
1612 1649 1715 1726 31,
1762 1650 1841 1714 21
1874 1649 2126 1713 nullam
2146 1648 2414 1713 —lueis
2446 1649 2620 1734 (151¹),

368 1755 470 1837 32,
523 1754 598 1818 11
643 1753 702 1818 si
745 1753 840 1817 ita
863 1789 946 1800 —
969 1772 1098 1816 non
1117 1753 1332 1833 potuit
1364 1751 1530 1836 (M1),
1576 1752 1680 1832 35,
1711 1751 1751 1817 3
1782 1749 2135 1816 humarmm
2157 1788 2237 1798 —-
2262 1751 2623 1834 delinquere

370 1855 547 1938 (M1),
593 1855 697 1939 44,
746 1856 786 1920 9
818 1854 1146 1920 trahentia
1165 1890 1248 1902 —
1271 1854 1651 1938 inuisibilia,
1705 1855 1848 1932 122,
1897 1855 1975 1918 12
2019 1854 2209 1919 huius
2231 1891 2311 1902 -
2335 1854 2622 1933 saeculiS,

370 1962 448 2026 cf.
488 1961 591 2038 38,
639 1960 697 2024 3.
745 1961 844 2025 21.
891 1958 994 2036 39,
1044 1959 1147 2024 12.
1216 1959 1320 2039 42,
1384 1959 1481 2024 13.
1551 1959 1655 2039 48,
1718 1959 1819 2036 10,
1865 1977 2053 2040 quam
2097 1961 2275 2023 caute
2320 1956 2477 2023 Iiber
2520 1960 2627 2025 ille

370 2061 701 2146 singularis
747 2081 869 2126 non
912 2061 1120 2126 minus
1162 2060 1346 2125 bonis
1391 2061 1763 2127 lectionibus
1808 2063 1907 2126 sat
1950 2061 2169 2127 multis
2202 2081 2389 2144 quam
2432 2062 2626 2126 inter-

371 2164 594 2248 polatis
640 2165 743 2229 uel
787 2165 1096 2230 mendosis
1144 2164 1309 2228 haud
1340 2163 1554 2245 paucis
1583 2164 1845 2246 insignis
1877 2164 1961 2229 sit
1990 2164 2376 2230 adhibendus
2408 2167 2627 2249 sponte

371 2269 717 2352 inteUegeS.

459 2387 640 2452 Hanc
685 2391 894 2452 autem
937 2388 1162 2451 miram
1207 2387 1655 2465 condicionem,
1702 2406 1774 2452 ex
1818 2405 1939 2468 qua
1980 2385 2140 2451 liber
2174 2387 2512 2468 Lipsiensis
2558 2407 2629 2453 ex

376 2491 609 2575 optimo
677 2490 926 2572 quidem
987 2489 1179 2567 fonte,
1249 2491 1425 2555 cuius
1491 2492 1681 2555 etiam
1750 2508 1913 2555 nunc
1971 2489 2320 2556 certissima
2384 2490 2629 2557 exstant

379 2595 631 2674 indicia,
703 2595 1032 2675 deriuatuS,
1107 2597 1212 2659 sed
1288 2595 1641 2677 temporum
1716 2595 1974 2659 decursu
2046 2593 2627 2676 interpolationibus

377 2698 612 2763 lacunis
675 2697 918 2762 mendis
988 2696 1320 2762 cuiuslibet
1399 2696 1643 2779 generis
1719 2698 1983 2779 pessime
2066 2696 2425 2779 inquinatus
2504 2716 2630 2762 esse

378 2803 690 2882 putandus
737 2802 854 2879 est,
902 2799 1235 2865 Claudiani
1280 2799 1474 2865 libros
1518 2800 1863 2864 recensenti
1892 2800 2058 2865 haud
2088 2819 2310 2882 paruas
2342 2801 2632 2882 praebere

381 2902 782 2968 difficultates
829 2906 1101 2985 apparet.
1158 2902 1339 2967 bonis
1385 2902 1551 2966 enim
1597 2901 1985 2981 lectionibus,
2033 2904 2255 2985 quibus
2298 2903 2369 2967 M
2413 2905 2630 2968 ceteris

382 3005 564 3070 libris
605 3010 901 3089 praestat,
950 3006 1244 3087 deceptus
1289 3006 1534 3087 saepius
1567 3007 1876 3087 quispiam
1924 3006 2112 3071 etiam
2145 3007 2233 3071 eis
2270 3007 2443 3085 lociS‚
2492 3007 2631 3089 qui-

380 3109 499 3173 bus
568 3109 848 3173 codicum
918 3110 1167 3190 praeter
1229 3108 1300 3172 M
1366 3109 1678 3191 scriptura
1744 3108 1978 3190 optime
2045 3109 2194 3174 ferri
2255 3115 2478 3193 potest,
2524 3110 2633 3175 uni

378 3211 573 3278 codici
615 3210 924 3293 Lipsiensi
968 3210 1136 3275 iusto
1179 3212 1481 3276 maiorem
1531 3213 1898 3277 concesserit
1941 3213 2417 3279 auctoritatem:
2483 3214 2632 3295 quin

381 3334 492 3398 ego
535 3314 687 3396 ipse,
736 3332 854 3395 quo
901 3315 1148 3395 saepius
1197 3313 1523 3379 Claudiani
1569 3313 1761 3379 libros
1806 3314 2033 3396 relego,
2093 3314 2193 3379 hic
2245 3314 2381 3381 illic
2423 3318 2634 3398 paullo

382 3418 584 3501 magis
629 3416 1042 3498 suspiciosum
1071 3435 1172 3480 me
1201 3434 1333 3481 esse
1362 3416 1641 3483 debuisse
1685 3417 1749 3481 111
1783 3416 1931 3481 libri
1974 3418 2047 3482 M
2088 3417 2386 3483 lectiones
2433 3420 2634 3503 magis

384 3520 707 3602 magisque
767 3520 923 3584 mihi
982 3522 1332 3602 persuadeo.
1404 3539 1568 3585 1111110
1629 3520 1797 3584 0111111
1854 3538 1965 3602 pro
2009 3521 2173 3585 certo
2216 3521 2514 3586 habemus
2558 3525 2635 3587 ad

377 3639 518 3685 eam
561 3641 845 3688 normam
889 3626 1087 3689 artem
1131 3622 1412 3689 criticam
1457 3626 1524 3689 in
1569 3623 1901 3689 Claudiano
1930 3624 2239 3690 Mamerto
2278 3643 2411 3689 esse
2454 3625 2634 3689 facti·
2770 3681 2779 3701 ,

383 3724 660 3802 tandam,
717 3730 791 3789 ut
833 3726 887 3789 si
932 3726 1093 3790 nihil
1145 3726 1400 3809 reperiri
1456 3727 1674 3809 possit,
1735 3746 1853 3809 quo
1906 3728 2130 3793 codicis
2172 3728 2243 3791 M
2285 3726 2633 3804 lectionem,

386 3827 672 3909 quamuis
715 3848 826 3911 per
882 3848 946 3893 se
1009 3832 1288 3911 spectata
1345 3831 1500 3895 bene
1559 3830 1841 3911 quadret,
1900 3830 2282 3912 reliquorum
2338 3830 2636 3894 librorum

387 3948 684 3995 consensu
736 3932 1250 4013 praestantiorem
1306 3950 1440 3997 esse
1495 3932 1810 4017 probetur,
1870 3934 1946 3997 de
2005 3934 2286 4016 eligenda
2328 3932 2639 4013 scriptura

385 4032 690 4098 iudicium
721 4034 934 4099 contra
961 4034 1052 4111 M,
1103 4039 1320 4117 utpote
1349 4033 1851 4117 interpolationis
1880 4034 1982 4100 uel
2012 4036 2215 4117 potius
2246 4035 2639 4100 correctionis

387 4137 734 4217 suspicione
791 4154 912 4201 non
955 4136 1276 4216 maiorem,
1337 4137 1625 4205 feramus,
1704 4137 1757 4203 si
1803 4156 1947 4203 uero
2006 4136 2254 4202 lectioni
2299 4138 2529 4204 codicis
2571 4139 2641 4204 M

387 4238 622 4305 accedit
667 4239 926 4305 alterius
970 4240 1118 4306 libri
1159 4241 1607 4325 testimonium,
1652 4258 1774 4305 non
1818 4242 1947 4305 sine
2005 4240 2393 4323 grauissimis
2438 4244 2639 4307 causis

387 4343 465 4407 ab
533 4360 744 4409 eorum
811 4343 1076 4409 lectione
1145 4344 1461 4409 communi
1526 4343 1939 4409 recedendum
1997 4346 2109 4411 est.
2182 4344 2391 4428 itaque
2456 4344 2641 4410 liceat
