3175 5050
599 431 801 479 XXXII

599 602 740 667 add.
797 601 900 679 ΕΩ,
973 602 1114 680 119,
1163 602 1205 665 9
1247 601 1605 687 trifarium]
1665 603 2016 684 trifariam,
2087 601 2229 682 119,
2282 605 2361 669 19
2416 604 2521 668 sui
2564 604 2706 672 add.
2751 604 2855 685 13⁹,

603 705 744 788 120,
793 704 873 770 16
925 703 1345 792 inmortalem]
1390 705 1933 771 inmortalitatem.

685 840 1077 924 Optimorum
1124 843 1405 906 codicum
1453 861 1676 926 agmen
1708 845 1943 909 claudit
1989 843 2058 927 C,
2106 846 2209 928 qui
2243 843 2411 910 solus
2442 863 2584 909 cum
2628 844 2699 909 M
2740 845 2856 912 has

596 946 899 1030 genuinas
959 945 1205 1011 exhibet
1266 944 1597 1011 lectiones:
1670 947 1772 1025 33,
1824 949 1893 1012 11
1958 946 2234 1031 yloriam
2293 952 2459 1027 (cum
2501 947 2577 1026 R,
2641 945 2851 1030 gloria

597 1048 780 1128 rell.),
839 1047 941 1126 53,
988 1050 1030 1114 5
1074 1067 1397 1129 corporeos
1448 1050 1614 1131 (cum
1660 1048 1955 1127 D⁹E⁹F⁹,
2002 1070 2443 1132 concorporeos
2486 1052 2679 1134 rell.),
2740 1051 2855 1136 56,

600 1151 682 1216 15
738 1150 963 1231 forsan
1013 1149 1316 1234 (forsitan
1359 1151 1542 1235 rell.),
1614 1152 1717 1227 75,
1768 1152 1841 1216 11
1893 1156 1951 1217 et
1996 1153 2135 1236 (nec
2178 1153 2367 1230 rell.),
2436 1153 2539 1232 82,
2590 1154 2666 1218 17
2714 1152 2853 1218 loca

603 1253 756 1333 (loeo
801 1254 906 1319 uel
950 1253 1109 1318 locos
1149 1257 1265 1320 etc.
1311 1256 1500 1338 rell.),
1547 1255 1651 1334 86,
1692 1257 1770 1320 12
1813 1260 1899 1320 est
1950 1258 2095 1338 (om.
2142 1257 2328 1342 rell.),
2380 1258 2521 1334 124,
2556 1257 2634 1322 17
2681 1257 2851 1323 idem

598 1357 769 1435 (item
825 1357 1018 1442 rell.),
1096 1359 1238 1436 188,
1293 1359 1373 1424 18
1439 1359 1730 1441 aliasque
1793 1359 2106 1442 (aliusque
2162 1361 2265 1425 uel
2320 1359 2600 1441 aliosque
2658 1361 2856 1442 rell.),

595 1461 822 1524 falsam
861 1479 1003 1526 cum
1030 1461 1098 1526 M
1139 1463 1511 1544 scripturam
1543 1462 1591 1529 Ο
1636 1462 1921 1544 praebet:
1967 1463 2070 1541 20,
2116 1464 2159 1528 5
2199 1462 2589 1546 felicitatem]
2639 1461 2850 1542 felici-

595 1567 739 1641 tate,
785 1562 891 1642 20,
925 1565 965 1628 6
997 1562 1358 1652 credendae]
1391 1565 1706 1642 credendi,
1766 1567 1869 1645 30,
1902 1566 1942 1631 9
1972 1564 2371 1648 obserauerit]
2404 1563 2847 1642 obseruauerit,

597 1667 699 1741 37,
751 1667 829 1730 18
861 1669 1196 1752 perceptu]
1235 1673 1551 1750 preceptu‚
1601 1669 1703 1749 38,
1749 1671 1789 1735 3
1823 1669 2068 1753 potens]
2107 1671 2331 1752 potest,
2391 1666 2495 1744 54,
2545 1668 2626 1733 15
2668 1668 2855 1750 sunt]

595 1773 755 1846 sint,
816 1769 918 1850 93,
975 1771 1054 1834 21
1114 1769 1464 1854 ordiamur]
1525 1771 1901 1834 ordinamus
1952 1774 2117 1853 (cum
2161 1769 2267 1852 13²)
2286 1819 2301 1847 ,
2375 1771 2514 1846 132,
2565 1769 2644 1834 17
2690 1788 2842 1834 oon-

586 1889 1062 1974 parationibus]
1112 1875 1583 1971 conparatione.

679 2028 940 2094 Rectam
970 2046 1111 2093 cum
1157 2027 1211 2092 G
1254 2029 1588 2094 lectionem
1623 2029 1669 2094 0
1713 2030 1937 2095 habet:
1976 2028 2079 2112 50,
2112 2031 2152 2094 3
2182 2029 2497 2096 uiderant
2516 2029 2854 2110 (uiderunt

593 2131 782 2212 rell.),
855 2132 997 2214 136,
1046 2131 1131 2197 20
1179 2131 1556 2196 rabularum
1608 2131 2009 2213 (fabularum
2048 2131 2235 2217 rell.),
2305 2132 2448 2212 187,
2494 2131 2574 2198 21
2622 2135 2697 2196 ut
2738 2131 2846 2194 in-

597 2233 981 2298 laboriosum
1026 2235 1102 2314 Gr,
1149 2237 1211 2298 et
1249 2233 1711 2299 inlaboriosum
1754 2233 1800 2300 C
1853 2237 1951 2318 (ut
1992 2233 2377 2299 laboriosum
2406 2234 2578 2317 rell.;
2624 2251 2845 2316 quam-

595 2355 784 2420 quam
826 2340 900 2403 de
946 2338 1064 2403 hoc
1107 2337 1236 2402 loco
1282 2337 1554 2403 dubitari
1599 2340 1851 2420 potest).
1913 2338 2169 2404 eandem
2202 2338 2422 2403 falsam
2468 2338 2849 2420 scripturam

594 2442 850 2524 uterque
895 2441 1085 2506 codex
1129 2441 1348 2506 habet:
1395 2439 1498 2520 24,
1550 2441 1633 2506 15
1677 2438 1891 2527 opelli]
1942 2441 2155 2523 welle,
2202 2442 2305 2520 32,
2352 2438 2430 2504 21
2479 2437 2573 2527 ut]
2612 2444 2685 2518 et,
2732 2441 2842 2525 52,

598 2546 631 2607 1
665 2544 884 2631 quisi]
917 2545 1126 2628 quasi,
1159 2545 1262 2624 68,
1298 2546 1377 2610 19
1407 2543 1677 2629 homini]
1707 2544 2086 2627 hominibus,
2135 2543 2237 2627 75,
2272 2543 2351 2608 18
2385 2544 2847 2627 coniuentium]

593 2648 1013 2733 conuentium‚
1062 2648 1206 2731 111,
1251 2645 1336 2711 20
1379 2647 1490 2712 hoo
1518 2668 1661 2727 om„
1711 2648 1853 2732 136,
1904 2649 1983 2713 13
2016 2645 2427 2734 praeeliyere]
2460 2646 2856 2733 praeleyere,

596 2750 738 2829 138,
789 2754 822 2815 1
863 2748 1336 2839 praeeleyerim]
1369 2752 1813 2834 praelegerem,
1863 2752 2004 2836 178,
2052 2752 2137 2816 24
2180 2746 2428 2836 etenim]
2460 2750 2649 2833 enim,
2701 2748 2844 2833 187,

595 2855 672 2919 17
717 2852 794 2918 in
836 2872 955 2919 om.

679 2994 946 3075 Magnus
992 2992 1203 3057 autem
1247 3010 1461 3058 eorum
1505 2992 1781 3057 locorum
1826 3009 2121 3055 numerus
2168 2992 2283 3068 est,
2332 2991 2553 3073 quibus
2598 2991 2663 3054 in
2694 3008 2839 3056 con—

595 3096 912 3161 seruandis
967 3095 1254 3180 genuinis
1306 3094 1685 3160 lectionibus
1730 3112 1943 3159 omnes
1990 3112 2142 3177 quos
2188 3094 2390 3159 adhuc
2434 3094 2853 3159 tractauimus

595 3200 832 3266 codices
893 3200 1320 3265 consentiunt:
1388 3199 1807 3281 reputandum
1869 3201 2079 3263 autem
2140 3200 2235 3263 est
2295 3198 2570 3263 codicem
2614 3195 2665 3258 Ε
2716 3214 2843 3261 non

595 3302 882 3369 omnibus
949 3304 1174 3385 quibus
1242 3302 1506 3369 debebat
1569 3304 1723 3367 locis
1770 3322 1842 3367 ex
1884 3301 2045 3367 bono
2114 3302 2223 3365 illo
2289 3300 2447 3366 libro
2491 3302 2843 3365 correctum

594 3426 746 3489 esse,
800 3407 961 3488 quod
1005 3405 1062 3471 si
1105 3406 1344 3470 factum
1390 3406 1571 3484 esset,
1618 3405 1993 3486 ubicumque
2038 3402 2238 3469 OGM
2296 3405 2550 3468 eandem
2609 3402 2845 3469 habent

592 3511 938 3590 lectionem,
999 3528 1141 3573 cum
1197 3508 1279 3573 iis
1336 3509 1529 3574 etiam
1576 3506 1658 3571 ΕΩ
1714 3507 1908 3572 fuisse
1954 3506 2453 3587 conspiraturum
2513 3524 2625 3587 pro
2673 3506 2855 3570 certo·

592 3612 809 3678 habe0.
885 3630 958 3679 ac
1014 3610 1215 3680 OGM
1273 3616 1443 3676 recte
1501 3612 1819 3676 exhibent:
1895 3611 1976 3694 [9‚
2025 3612 2065 3675 8
2110 3614 2167 3673 et
2210 3628 2353 3686 om.‚
2414 3610 2474 3683 9,
2532 3608 2606 3672 13
2652 3607 2841 3672 aesti-

593 3713 888 3802 mandus]
933 3715 1338 3781 extimandus
1381 3716 1480 3794 Μ,
1549 3715 2018 3779 existimandus
2064 3713 2109 3778 0
2154 3712 2481 3791 (dicendus
2524 3711 2707 3791 rell.),
2774 3714 2838 3794 9,

595 3820 676 3883 13
737 3817 962 3904 (haec)
1011 3820 1154 3901 (om.
1222 3820 1409 3903 rell.),
1487 3820 1586 3896 10,
1640 3819 1723 3883 12
1788 3818 1977 3883 obicis
2046 3816 2333 3899 (opponis
2398 3814 2589 3879 obicis
2653 3815 2851 3893 rell.),

594 3925 696 4007 11,
747 3927 779 3987 1
826 3924 1019 3988 etiam
1051 3926 1136 4005 (et
1160 3924 1351 4008 rell.),
1408 3924 1504 3999 12,
1554 3923 1638 3987 22
1681 3923 1856 3985 uitae
1889 3922 2119 4003 (uitam
2149 3920 2333 4002 rell.),
2385 3920 2486 3997 17,
2535 3918 2616 3982 16
2660 3936 2840 3981 coae-

591 4032 806 4089 ternus
849 4028 949 4106 M,
1017 4032 1429 4107 quoaeternus
1473 4025 1520 4091 C
1565 4027 1753 4108 (quia
1796 4029 2087 4089 aeternus
2131 4023 2319 4106 rell.),
2390 4021 2468 4085 17
2472 4071 2489 4104 ,
2539 4020 2619 4085 16
2662 4018 2854 4101 filius-

583 4129 769 4210 patri
813 4130 1025 4213 (patri
1065 4130 1244 4213 filius
1288 4131 1479 4215 rell.).
1526 4165 1612 4177 -
1655 4129 1722 4192 hi
1780 4128 1900 4194 lo'ci
1945 4146 2085 4192 cum
2145 4127 2273 4190 sint
2333 4144 2403 4191 ex
2446 4124 2663 4188 Fausti
2708 4124 2841 4205 epi-

593 4233 761 4297 stula
822 4234 1191 4316 deprompti,
1261 4234 1325 4296 in
1373 4231 1427 4297 G
1473 4218 1598 4296 non
1654 4233 1930 4296 exstant:
1999 4230 2107 4314 qui
2162 4231 2216 4294 si
2276 4230 2605 4305 exstarent,
2672 4230 2843 4291 certe

594 4340 807 4401 eodem
849 4336 1066 4419 modo,
1111 4354 1229 4418 quo
1275 4337 1342 4399 in
1387 4334 1551 4419 OM,
1602 4334 1818 4400 traditi
1861 4332 2122 4421 essent],
2197 4333 2295 4415 19,
2338 4330 2383 4395 4
2427 4350 2621 4411 quam
2671 4331 2851 4412 (eum
