3175 5050
1013 435 1104 490 De
1139 437 1331 488 statu
1373 435 1637 489 animae
1681 434 1742 489 11
1779 435 1863 488 12.
2446 431 2569 500 143

308 640 559 706 corpore
627 622 967 689 Corinthiis
1009 626 1075 689 te
1118 623 1284 689 dicas
1335 623 1677 703 absentem,
1726 641 1797 689 eo
1842 621 2135 689 uidelicet
2177 623 2329 689 ferri
2373 627 2568 708 potes,

307 727 454 809 quia
496 727 674 793 totus
719 728 785 792 in
831 727 1124 795 uniuerso
1168 730 1278 793 tuo
1309 744 1635 810 corporeus
1666 746 1752 805 es,
1796 745 2017 792 uerum
2048 727 2210 812 quod
2240 744 2569 809 corporeus

305 830 476 895 totus
522 833 586 894 et
629 849 738 914 per
785 830 900 898 hoc
946 831 1091 914 quia
1129 831 1353 896 absens
1399 847 1649 912 corpore
1688 830 1912 896 absens
1956 832 2150 907 totus,
2198 829 2409 896 nescio
2447 848 2569 913 quo

304 933 423 1012 tui,
470 951 590 1015 quo
634 951 760 999 non
804 953 888 1014 es,
937 936 1149 1001 adesse
1193 937 1258 1000 te
1302 933 1494 999 dicis:
1557 937 1671 999 aut
1714 934 2023 1000 mendacii
2068 937 2131 998 te
2176 935 2387 1018 arguis
2457 937 2571 999 aut

262 1059 288 1098 5
308 1037 658 1118 corporales
726 1038 876 1103 istos
942 1041 1017 1105 de
1083 1040 1328 1104 animae
1390 1039 1903 1121 incorporalitate
1978 1038 2319 1104 conuincis.
2396 1037 2571 1102 estne

307 1141 544 1222 aliquid
587 1140 736 1206 istic
781 1160 1101 1224 creperum
1147 1145 1258 1206 aut
1303 1141 1588 1207 fortassis
1636 1141 1989 1226 obscurum,
2023 1141 2131 1225 qui
2162 1142 2230 1206 in
2258 1144 2565 1224 quantum
2633 1181 2641 1190 -

309 1261 632 1326 corporeus
695 1244 796 1309 est
860 1247 1080 1310 absens
1149 1243 1495 1310 Corinthiis
1563 1247 1660 1310 est
1717 1248 1829 1312 aut
1894 1245 2068 1310 nullo
2135 1246 2233 1310 sui
2303 1245 2415 1308 aut
2457 1262 2571 1326 per

303 1345 745 1428 incorporeum
789 1365 1082 1428 praesens
1130 1347 1272 1413 est?
1317 1347 1713 1429 incorporeus
1745 1365 1891 1429 ergo
1924 1351 2021 1412 est
2040 1333 2309 1433 ‘spiritus
2341 1347 2567 1412 huma-

306 1467 442 1527 nus,
508 1467 618 1532 per
683 1468 869 1532 quem
934 1449 1170 1514 Paulus
1239 1449 1557 1532 apostolus
1628 1450 1851 1514 absens
1915 1451 2049 1516 toto
2117 1468 2407 1532 corporeo
2470 1449 2570 1516 sui

240 1579 291 1619 10
306 1551 645 1618 Corinthiis
710 1551 919 1636 potuit
983 1551 1391 1635 praesentari.
1465 1552 1618 1618 haec
1686 1555 1751 1618 et
1792 1553 1951 1618 talia
2017 1573 2089 1619 ex
2140 1554 2311 1618 omni
2376 1552 2571 1618 ferme

308 1656 806 1722 authenticorum
849 1656 1242 1721 uoluminum
1272 1674 1523 1740 corpore
1566 1657 1899 1722 innumera
1929 1656 2203 1741 proferre
2232 1671 2571 1739 possemus·

1353 1943 1518 2027 XII.

306 2137 399 2182 DE
443 2133 533 2182 Eo
578 2133 766 2194 QVOD
795 2134 1186 2184 APOSTOLVS
1215 2135 1498 2182 RAPTVM
1527 2134 1605 2182 SE
1636 2135 1856 2195 VSQVE
1892 2136 1988 2182 AD
2032 2135 2339 2183 TERTIVM
2382 2135 2572 2185 DICIT

1291 2237 1591 2286 CAELVM.

239 2403 289 2443 15
393 2375 557 2441 Sana
621 2375 850 2456 quippe
917 2374 1264 2439 catholicae
1331 2373 1478 2439 fidei
1535 2373 1825 2440 doctrina
1878 2372 1977 2438 ita
2035 2376 2219 2438 tenus
2276 2373 2566 2440 intersito

306 2481 503 2564 gradu
545 2477 626 2544 ab
670 2477 818 2544 imis
865 2476 946 2543 ad
1000 2476 1228 2557 media,
1273 2495 1310 2543 a
1353 2475 1574 2543 mediis
1635 2475 1713 2543 ad
1764 2493 2015 2543 summa
2075 2476 2451 2557 conscendit,
2496 2477 2569 2544 ut

307 2587 443 2649 rato
485 2581 715 2648 iudicio
759 2600 1114 2665 corpoream
1145 2583 1499 2649 creaturam
1528 2581 1909 2664 incorporali
1938 2584 2261 2647 creaturae
2290 2580 2565 2649 subdens

309 2692 372 2751 et
417 2704 664 2750 summo
705 2685 1063 2768 incorporeo
1110 2685 1376 2751 creatori
1432 2684 1593 2751 hanc
1638 2684 1899 2750 eandem
1950 2703 2093 2749 cum
2138 2683 2237 2748 sui
2280 2684 2573 2751 inferiore

307 2789 614 2855 subiciens
657 2789 725 2853 in
766 2789 1029 2854 tertium
1075 2789 1315 2854 caelum
1345 2788 1533 2854 Pauli
1574 2788 1977 2872 pedissequos
2006 2789 2233 2873 rapiat,
2283 2788 2390 2871 qui
2419 2788 2569 2854 soli-

240 2922 292 2964 20
307 2894 459 2959 dum
503 2892 819 2957 sensibilis
877 2890 1096 2958 mundi
1152 2892 1521 2975 penetrabili
1578 2892 1789 2957 mente
1846 2891 2314 2957 transmiserint
2364 2891 2574 2957 inten-

307 2998 560 3079 tamque
605 2994 804 3062 aciem
847 3014 918 3060 ex
952 2994 1080 3061 imo
1113 2995 1270 3061 caeli
1300 2996 1479 3077 tergo
1507 2996 1802 3062 sistentes
1831 2994 2281 3076 redintegratis
2325 2994 2571 3063 uiribus

413 3271 446 3324 2
492 3270 552 3325 in
597 3286 699 3326 om.
747 3270 820 3325 δ”
1037 3272 1134 3324 tuo
1179 3286 1283 3325 om.
1329 3269 1495 3335 M'b,
1547 3268 1679 3324 add.
1729 3270 1824 3325 M²
2038 3270 2073 3323 3
2106 3267 2219 3337 qud
2250 3268 2337 3323 tui
2373 3268 2441 3323 δ’*

307 3358 344 3411 4
378 3357 644 3413 mendacii
676 3356 754 3426 te]
790 3356 1117 3412 mendaciter
1149 3356 1226 3410 M
1256 3357 1420 3424 (corr.
1453 3356 1518 3409 in
1537 3358 1747 3425 mam.)
1926 3358 1985 3409 te
2018 3370 2119 3409 om.
2156 3353 2325 3411 ΗΕΒ
2490 3368 2577 3409 ar·-

309 3479 432 3548 guis
454 3478 568 3532 Mb
593 3476 731 3545 Sela,
784 3492 977 3547 arguas
1001 3476 1072 3543 R,
1124 3442 1316 3545 arguens
1341 3476 1398 3542 S,
1451 3490 1645 3545 argues
1668 3475 1789 3532 rell.
1985 3476 2021 3529 5
2044 3474 2291 3529 conuinci
2316 3474 2438 3531 Βοὴ.

309 3566 342 3619 6
387 3580 695 3633 corporeum
740 3562 1122 3627 ABDE¹FP,
1180 3563 1454 3631 repertum
1490 3564 1561 3630 ρ’
1768 3560 1901 3630 quin
1938 3560 2061 3618 Βοὴ.
2076 3600 2091 3627 ,
2147 3561 2276 3629 quia
2309 3565 2368 3614 in
2396 3575 2442 3629 p

309 3652 342 3705 ‘1
379 3666 506 3720 ergo
541 3655 673 3705 ante
708 3650 856 3705 nullo
893 3650 1026 3705 add.
1064 3648 1130 3703 δ’
1303 3648 1370 3703 10
1395 3647 1531 3703 talia
1553 3647 1668 3702 Mb
1693 3646 1835 3713 Βοὴ,
1888 3646 1999 3701 alia
2020 3647 2136 3703 rell.
2312 3646 2377 3701 11
2403 3661 2578 3716 posse-

309 3786 430 3825 mus
452 3770 534 3826 E²
557 3769 700 3837 Βοὴ,
743 3743 1010 3839 possimus
1035 3770 1093 3837 S,
1141 3768 1406 3839 possimus
1429 3768 1548 3825 rell.
1723 3769 1791 3824 15
1815 3768 2116 3823 doctrinam
2139 3768 2197 3824 R
2350 3768 2578 3821 eatenus

300 3860 372 3927 10²
552 3856 618 3911 16
642 3873 675 3909 a
697 3856 871 3911 media
893 3857 950 3910 Β
1123 3872 1155 3909 a
1177 3872 1278 3910 om.
1303 3854 1416 3909 AB
1588 3854 1963 3909 conscenditur
1986 3852 2299 3908 ABDEOE
2316 3852 2441 3909 Sela.

312 3945 378 3999 17
401 3945 558 4013 rapto
579 3942 936 4006 ABHLRS,
987 3943 1128 3996 ratio
1153 3942 1275 3997 Βοὴ.
1471 3941 1538 3996 18
1573 3957 1777 3995 summe
1811 3940 1940 3995 libri
1964 3944 2194 4008 praeter
2227 3938 2301 3993 M
2481 3954 2577 3993 suo

307 4032 370 4100 ρ’
574 4028 825 4083 inferiore
868 4028 945 4082 M
952 4028 1011 4095 b,
1073 4027 1318 4083 inferiori
1350 4027 1475 4083 rell.
1511 4032 1565 4083 et
1602 4026 1726 4083 Βοὴ.
1934 4026 2000 4081 19
2036 4024 2351 4095 pedisequos
2385 4025 2442 4081 R

310 4116 504 4187 rapiat]
550 4114 718 4170 faciat
762 4113 1109 4168 conscendere
1145 4116 1216 4183 1²²
1420 4114 1492 4168 20
1535 4111 1775 4168 sensibus
1820 4111 1883 4166 D
1928 4112 1993 4165 in
2026 4115 2214 4179 textu,
2249 4110 2276 4164 1
2308 4110 2575 4167 sensibilis

309 4203 373 4257 im.
415 4216 584 4271 maa-9.
799 4198 1058 4253 mundum
1102 4198 1552 4257 BDE¹FH¹PT
1575 4198 1700 4256 seh.
1918 4195 2282 4252 transmiserit
2328 4196 2405 4251 M
2408 4197 2440 4252 b

310 4289 628 4357 intentaque
661 4287 773 4343 acie
805 4286 920 4341 Mb
1123 4286 1189 4340 21
1227 4286 1360 4355 imo]
1399 4302 1508 4339 uno
1545 4287 1577 4341 b
1784 4286 1981 4342 sistens
2015 4282 2092 4339 M
2099 4283 2130 4339 b
2338 4283 2580 4339 redento-

313 4374 486 4444 gratis
521 4374 579 4429 R
