3175 5050
1089 413 1180 468 De
1214 413 1402 469 statu
1435 412 1702 469 animae
1736 412 1767 469 1
1800 412 1886 468 25.
2185 392 2203 430 ¹
2530 417 2614 484 87

353 601 766 685 ambiguitate
817 602 1068 669 dilectio
1111 606 1226 669 est.
1299 599 1527 669 dicitur
1571 601 1741 667 enim
1786 619 2051 685 uereque
2104 601 2357 684 dicitur,
2418 622 2615 688 quon-

353 704 484 773 iam
553 705 742 772 deus
807 705 1146 774 dilectio
1204 706 1344 772 est.
1417 704 1526 771 sed
1569 682 1823 771 dilec‘tio
1866 705 1982 773 illa
2024 704 2174 773 talis
2220 711 2335 792 est,
2388 711 2461 773 ut
2503 726 2616 773 nec

353 810 494 892 ipsa
538 808 802 895 diligere
844 810 968 875 nisi
1025 808 1259 875 bonum
1309 826 1424 875 nec
1479 827 1590 892 per
1635 826 1772 873 eam
1815 808 1993 893 diligi
2034 809 2233 892 possit
2273 810 2399 877 nisi
2445 812 2617 878 bene.

355 912 512 979 haec
543 915 753 978 autem
785 912 1055 993 dilectio,
1086 914 1252 995 quod
1283 911 1381 979 est
1407 911 1620 977 anima
1648 912 1941 988 humana,
1973 915 2223 995 propter
2253 913 2619 981 adfectuum

289 1040 332 1077 ,ε
354 1016 854 1083 mutabilitatem
909 1018 1117 1101 potest
1169 1018 1236 1081 et
1276 1016 1346 1081 in
1401 1015 1739 1097 superiora,
1783 1016 1949 1098 quod
1992 1016 2051 1081 ei
2092 1016 2260 1083 solus
2304 1019 2454 1083 deus
2500 1020 2614 1101 est,

355 1119 611 1185 caelesti
654 1120 916 1185 caritate
956 1118 1222 1203 flagrare
1272 1122 1336 1183 et
1390 1118 1458 1183 in
1513 1117 1810 1209 inferiora
1856 1117 2198 1185 damnabili
2240 1138 2453 1187 amore
2494 1119 2619 1185 dif-

353 1224 563 1291 fluere.
640 1224 962 1307 quodlibet
1019 1226 1234 1289 tamen
1293 1221 1536 1305 diligat,
1605 1220 1663 1287 si
1720 1222 1855 1288 toto
1913 1239 2122 1289 amore
2180 1221 2415 1306 diligit,
2484 1222 2621 1287 tota

357 1327 571 1410 diligit
628 1330 712 1406 et,
771 1345 914 1394 cum
965 1327 1100 1393 tota
1142 1326 1372 1412 diligit,
1419 1328 1558 1392 tota
1600 1325 1847 1392 dilectio
1893 1330 2012 1412 est,
2066 1343 2223 1410 quae
2280 1325 2494 1393 unitas
2551 1326 2618 1391 in

355 1448 610 1516 corpore
651 1430 892 1497 scilicet
935 1447 1060 1496 non
1105 1432 1223 1496 est.

286 1764 338 1803 io
1207 1738 1210 1743 ’
1374 1717 1606 1802 XXV.

355 1908 742 1955 EXEMPLVM
786 1910 878 1955 DE
923 1907 1364 1956 GEOMETRICA
1405 1907 1881 1956 ARITHMETICA
1927 1910 2155 1969 ATQVE
2200 1910 2620 1959 DIALEC'I'ICA.

353 2010 456 2058 AD
498 2011 960 2059 ERVDIENDVM
1003 2011 1372 2075 LECTOREM
1415 2013 1491 2059 m
1532 2013 1626 2060 EA
1666 2012 1850 2071 QVAE
1882 2011 2192 2060 OBSOVRA
2222 2012 2416 2079 SVNT,
2448 2014 2620 2073 QVID

576 2128 582 2134 ·
692 2116 954 2163 VIDEAT
995 2115 1220 2163 Arum
1271 2116 1406 2163 PER
1449 2115 1546 2178 SE,
1606 2115 1777 2175 QVID
1820 2116 1955 2163 PER
1999 2114 2279 2165 GORPVS.

445 2252 567 2320 Sed
611 2254 800 2320 dicis:
868 2253 1165 2337 quando
1212 2255 1619 2322 absentem
1685 2273 1948 2320 carum
1991 2271 2217 2319 suum
2282 2252 2616 2337 cogitat,

289 2360 739 2441 1⁵numquid
769 2360 996 2424 uelut
1024 2358 1100 2443 ip
1119 2377 1195 2424 so
1225 2360 1656 2442 conspecto
1688 2356 2119 2425 desideriis
2150 2356 2619 2422 satisfecit?

358 2459 506 2544 ista,
553 2468 628 2528 ut
671 2480 784 2545 ego
831 2461 1068 2529 conicio
1115 2462 1302 2545 atque
1345 2465 1418 2528 ut
1461 2462 1647 2545 plane
1680 2460 1893 2544 probo,
1924 2459 2256 2543 potissima
2285 2458 2616 2524 admodum

360 2582 550 2630 causa
595 2565 710 2644 est,
759 2583 919 2648 quae
958 2567 1158 2632 temet
1200 2567 1492 2650 ignarum
1526 2565 1803 2649 perpulit
1833 2564 2111 2630 animam
2139 2563 2365 2628 referre
2402 2580 2615 2644 corpo-

359 2686 550 2734 ream.
623 2687 662 2733 a
715 2670 996 2734 sensibus
1061 2686 1286 2751 quaeso
1347 2667 1617 2751 corporis
1684 2667 2004 2750 paulisper
2071 2666 2373 2732 adtollere
2430 2682 2505 2730 ac
2566 2666 2621 2729 si

361 2771 538 2836 uales
592 2770 895 2854 perspice,
952 2789 1112 2853 quae
1169 2772 1271 2836 uel
1329 2774 1562 2854 quanta
1606 2771 1706 2836 uis
1751 2769 2004 2836 uidendi
2048 2769 2133 2835 sit
2178 2769 2406 2848 animo,
2454 2769 2517 2832 et
2562 2767 2617 2831 si

173 2938 178 2953 ‚
289 2873 510 2956 mquid
578 2875 756 2956 potes
817 2873 1015 2940 animi
1068 2873 1279 2940 uisum
1336 2875 1727 2957 corporisque
1783 2874 2081 2938 discerne.
2156 2888 2381 2953 corpus
2450 2871 2617 2936 certe

565 3058 600 3113 2
634 3059 665 3114 1
701 3017 884 3114 Ioasn.
920 3060 972 3124 4,
1010 3059 1043 3112 s
1252 3060 1320 3113 14
1354 3058 1422 3113 cf.
1457 3075 1578 3129 pag.
1621 3059 1703 3126 11,
1744 3059 1810 3113 12

463 3247 501 3300 3
533 3247 647 3315 ipse
674 3249 745 3314 φ’
916 3248 1100 3315 posset
1123 3246 1386 3312 AOH¹R‚
1440 3261 1595 3314 posse
1628 3246 1706 3298 M
1710 3245 1742 3299 b
1912 3245 1950 3299 4
1982 3229 2086 3332 ppt
2122 3247 2199 3312 H,
2253 3262 2348 3316 pro
2386 3245 2486 3300 138

360 3365 614 3420 affectum
667 3365 794 3420 ΒΜ
998 3367 1033 3421 5
1085 3363 1456 3420 mutabilitate
1509 3363 1833 3420 BGHLRS
2040 3366 2073 3420 6
2126 3365 2376 3420 claritate
2427 3365 2483 3422 R

359 3487 420 3540 in
471 3501 573 3541 om.
630 3486 687 3543 R
892 3485 1224 3541 damnabilia
1278 3485 1543 3542 Galland.
1751 3451 1981 3541 delinere
2035 3486 2082 3541 S
2089 3528 2107 3555 ,
2167 3487 2399 3541 defluere
2443 3501 2483 3554 p

361 3574 399 3627 8
431 3574 552 3628 tota
586 3573 774 3642 diligit
807 3588 912 3628 om.
940 3589 986 3641 p
1195 3575 1257 3628 11
1293 3572 1382 3628 hic
1405 3573 1697 3643 diligenter
1719 3573 1983 3628 uisionem
2008 3574 2177 3628 animi
2198 3574 2367 3628 lector
2390 3572 2622 3627 adtende

361 3659 438 3712 M
460 3674 570 3727 pro
604 3660 768 3714 titulo
805 3664 857 3714 et
889 3660 977 3716 hic
1013 3665 1065 3714 et
1099 3660 1162 3714 iu
1195 3660 1425 3728 capitul.
1460 3659 1648 3714 indice
1680 3659 1855 3726 habet,
1893 3677 1961 3714 ea
1982 3675 2124 3729 quae
2160 3659 2518 3714 exarauimus
2550 3658 2628 3712 M

354 3743 586 3813 praebet
606 3745 669 3799 im
691 3761 864 3816 ωαψς.
877 3785 891 3811 ,
953 3745 1252 3814 exemplum
1278 3746 1344 3800 de
1369 3746 1693 3815 geometrica
1721 3761 1827 3814 quo
1862 3744 2075 3800 facilius
2111 3746 2279 3800 lector
2315 3743 2619 3811 intellegat,

362 3829 493 3900 quid
530 3830 714 3884 uideat
751 3832 933 3885 anima
965 3847 1062 3899 pro
1097 3847 1169 3897 se,
1205 3830 1335 3900 quid
1369 3847 1463 3900 pro
1497 3846 1689 3900 corpus
1724 3830 1892 3887 ABR
2089 3832 2152 3885 15
2187 3828 2469 3898 numquid]
2508 3830 2619 3883 iam

361 3915 492 3968 add.
545 3916 798 3971 Faustus
1037 3916 1296 3971 desiderio
1349 3917 1607 3972 Faustus
1861 3919 1927 3972 16
1980 3918 2188 3971 coniceo
2240 3915 2482 3971 HLMR

360 4005 562 4071 autque
606 4002 663 4058 R
871 4003 937 4056 17
982 4002 1143 4057 timet
1187 4004 1414 4069 BH1R,
1475 4006 1530 4058 te
1565 4005 1761 4058 tuimet
1795 4001 1977 4058 DEF
1994 4003 2111 4057 Βοὴ.
2317 4001 2525 4072 pepulit
2557 4001 2620 4058 1)

361 4088 483 4142 EF
679 4088 935 4158 perpulit]
971 4091 1035 4142 ut
1080 4087 1210 4144 aad.
1257 4090 1494 4145 DEFG
1700 4089 1897 4144 referre
1942 4089 2015 4143 M
2023 4090 2079 4155 b,
2138 4088 2278 4142 reari
2322 4088 2415 4154 L³,
2475 4103 2621 4144 reare

360 4175 508 4239 rell„
577 4175 683 4229 reri
736 4190 850 4228 esse
904 4173 1030 4229 Βοὴ.
1272 4176 1496 4230 localem
1547 4176 1637 4230 uel
1693 4181 1824 4231 mtto
1876 4191 2183 4244 corpoream
2234 4174 2366 4232 aad.
2412 4178 2483 4244 10²

365 4262 430 4315 18
467 4260 727 4330 corporeis
762 4260 793 4313 b
1002 4260 1066 4314 19
1103 4261 1244 4316 ualis
1277 4262 1346 4315 H
1353 4264 1390 4327 ¹,
1453 4261 1590 4316 uelis
1627 4261 1683 4316 R
1869 4261 2163 4330 perspicere
2197 4261 2351 4330 Bw,
2410 4261 2621 4332 percipe

360 4346 424 4401 D
627 4347 697 4402 20
730 4347 912 4416 potest
944 4347 1124 4402 AGM
1129 4347 1186 4415 b,
1247 4348 1390 4416 potis
1425 4363 1480 4402 es
1521 4347 1574 4402 G
1781 4346 2074 4402 discernere
2119 4347 2166 4402 0
