3175 5050
649 435 734 501 82
1415 430 1789 486 claudiani
1823 402 2139 485 Mamerti

647 624 1002 691 animatum
1060 622 1304 700 uineas,
1363 621 1480 687 hoc
1539 625 1637 685 est
1696 622 2046 687 animatum
2089 619 2315 688 uiuens
2356 622 2438 686 ad
2481 619 2804 687 uiuentem
2852 622 2919 684 et

646 727 1140 812 intellegentem.
1215 724 1625 791 administrat
1666 724 2056 790 inrationalis
2101 725 2315 791 anima
2358 740 2581 806 corpus
2638 722 2919 789 animale

645 830 715 896 in
769 830 1042 897 salutem
1100 827 1343 895 scilicet
1399 826 1554 911 eius,
1616 831 1682 893 et
1740 826 2140 893 administrat
2199 828 2483 895 animam
2537 826 2916 893 rationalem

648 930 1006 998 intellectus
1061 933 1316 999 rationis
1376 948 1564 1016 capax
1617 930 1683 997 in
1744 930 2015 996 salutem
2078 929 2377 996 uidelicet
2419 929 2671 997 animae
2713 929 2915 993 ratio-

648 1034 814 1101 nalis
877 1037 1171 1117 operante
1227 1038 1414 1117 atque
1469 1032 1951 1100 administrante
2018 1033 2131 1099 deo
2198 1032 2531 1118 principali
2592 1033 2915 1115 potestate
2956 1053 2979 1093 ε

651 1140 716 1203 et
789 1137 1010 1204 stabili
1085 1138 1356 1203 motione
1427 1139 1617 1220 atque
1688 1136 2009 1204 ininitiato
2082 1136 2580 1203 substantiarum
2660 1134 2917 1201 cardine

649 1241 924 1324 primum
967 1241 1042 1306 ut
1083 1240 1236 1320 sint,
1281 1240 1571 1325 deinceps
1616 1241 1690 1305 ut
1732 1258 1843 1323 pro
1890 1239 2072 1306 modo
2116 1240 2222 1306 uel
2266 1239 2489 1305 merito
2534 1239 2752 1305 taliter
2782 1239 2919 1305 sint

651 1343 923 1427 qualiter
967 1361 1099 1411 esse
1141 1344 1364 1411 debere
1407 1342 1520 1409 ille
1563 1343 1915 1425 constituit,
1960 1342 2069 1427 qui
2111 1360 2237 1409 non
2264 1343 2390 1411 nisi
2418 1344 2584 1410 iuste
2613 1341 2919 1409 uniuersa

653 1446 950 1531 disponit.
1022 1464 1169 1513 nam
1235 1446 1401 1512 sicut
1455 1447 1534 1513 de
1587 1446 1947 1529 corporibus
2004 1446 2095 1513 ibi
2152 1447 2256 1513 uel
2310 1446 2399 1516 ibi
2458 1464 2594 1513 esse
2660 1447 2919 1531 propter

652 1550 994 1618 localitatis
1037 1550 1470 1617 necessitatem
1515 1568 1783 1634 congrue
1828 1550 2078 1630 dicitur,
2124 1551 2219 1617 ita
2262 1553 2340 1617 de
2380 1550 2711 1617 animabus
2768 1568 2916 1633 pro·
2936 1578 2979 1615 ιο

655 1659 796 1739 pter
846 1656 1302 1722 inlocalitatem
1345 1654 1451 1722 uel
1496 1655 1870 1738 qualitatem
1914 1654 2132 1720 taliter
2176 1674 2314 1722 esse
2360 1655 2467 1721 uel
2510 1654 2730 1721 taliter
2774 1654 2916 1719 iure

657 1760 1123 1843 pronuntiatur,
1174 1758 1322 1842 quia
1365 1758 1534 1824 sicut
1576 1757 1818 1823 uiuenti
1854 1758 2094 1842 corpori
2122 1759 2470 1826 iucundum
2501 1760 2597 1824 est
2625 1757 2917 1824 luculen-

651 1863 758 1927 tus
800 1860 977 1928 locus
1021 1862 1125 1927 uel
1166 1862 1552 1944 temperatus
1598 1879 1723 1942 aer,
1777 1862 1870 1927 ita
1914 1861 2263 1928 uiuificanti
2304 1861 2512 1928 animo
2558 1860 2915 1944 tranquilli·

652 1966 758 2031 tas
801 1966 868 2031 in
913 1964 1292 2047 cogitatione
1335 1966 1400 2029 et
1443 1966 1744 2031 securitas
1776 1983 1815 2029 a
1841 1964 2089 2031 timore.
2161 1964 2403 2044 itidem,
2435 1965 2601 2031 sicut
2630 1965 2917 2049 poenalia

653 2070 802 2133 sunt
869 2069 1106 2149 corpori
1161 2068 1520 2133 tenebrosus
1575 2068 1747 2133 locus
1802 2068 1869 2133 et
1946 2086 2123 2151 asper
2165 2068 2476 2149 adtactus
2546 2067 2639 2134 sic
2704 2068 2917 2134 animo
2936 2094 2976 2131 ιε

652 2169 972 2255 cogitandi
1041 2169 1426 2236 instabilitas
1489 2173 1552 2235 et
1617 2171 1946 2256 angustiae
2020 2170 2420 2239 formidandi.
2495 2171 2707 2255 agitur
2769 2189 2916 2253 ergo

654 2273 868 2339 anima
909 2290 1034 2338 non
1076 2292 1184 2357 per
1229 2273 1380 2357 loca,
1427 2272 1535 2339 sed
1581 2291 1693 2356 pro
1739 2272 2105 2359 adfectuum
2147 2274 2511 2341 diuersitate
2540 2279 2606 2340 et
2635 2274 2915 2342 delecta-

651 2376 868 2442 biliter
909 2378 974 2469 et
1015 2375 1387 2460 poenaliter.
1453 2374 1618 2441 illud
1660 2380 1876 2442 tamen
1917 2376 2118 2459 liquet
2160 2378 2437 2443 animam
2480 2378 2617 2443 sine
2661 2394 2913 2461 corpore
3084 2344 3086 2490 1

650 2480 1117 2566 incorporaliter
1181 2498 1294 2564 per
1361 2476 1645 2547 adfectus
1710 2478 2026 2567 p<ropr)ie
2086 2481 2190 2547 uel
2234 2481 2495 2549 mulceri
2539 2480 2643 2547 uel
2701 2482 2915 2568 adfligi

652 2602 854 2669 posse,
914 2602 1135 2667 corpus
1181 2585 1316 2650 sine
1370 2585 1582 2649 anima
1624 2585 1732 2650 uel
1774 2586 1997 2651 suauia
2038 2585 2142 2651 uel
2186 2585 2469 2668 poenalia
2512 2585 2747 2652 sentire
2792 2607 2975 2654 nonno

654 2705 853 2772 posse.
931 2688 1180 2754 animae
1221 2687 1422 2772 igitur
1467 2689 1822 2771 corporatae
1874 2692 1971 2754 est
2015 2707 2126 2772 per
2171 2706 2393 2772 corpus
2437 2689 2668 2754 sentire
2698 2709 2916 2775 corpo·
3082 2709 3084 2823 4

653 2809 764 2858 rea
807 2789 1128 2874 eidemque
1173 2791 1308 2857 sine
1354 2809 1607 2876 corpore
1662 2793 1872 2857 uidere
1925 2791 2312 2876 incorporea.
2386 2811 2532 2878 ergo
2574 2798 2649 2860 ut
2689 2812 2915 2878 corpus

653 2894 1004 2961 inanimum
1045 2893 1210 2960 nihil
1253 2895 1467 2972 sentit,
1513 2893 1607 2959 ita
1657 2895 1905 2961 animus
1949 2895 2083 2960 sine
2138 2912 2387 2978 corpore
2432 2914 2724 2984 corporea
2768 2899 2915 2965 uni-

655 3018 839 3066 uersa
880 3015 1006 3064 non
1051 2997 1266 3064 sentit.
1339 2998 1487 3063 hinc
1531 3000 1630 3063 est
1661 2999 1824 3081 quod
1854 2998 2046 3064 etiam
2075 2999 2226 3064 dum
2257 3017 2480 3084 eorpus
2512 3001 2917 3068 administrat

657 3106 845 3186 atque
900 3101 1231 3185 sentificat,
1289 3103 1342 3167 si
1387 3103 1635 3184 quando
1691 3102 1759 3166 in
1817 3120 2065 3167 summa
2119 3102 2458 3187 eademque
2513 3122 2761 3188 semper
2804 3108 2971 3172 ad-2s
3081 3073 3082 3157 l

760 3359 794 3413 6
842 3358 1121 3414 ininitiato
1168 3359 1464 3426 Bembina,
1531 3359 1590 3412 in
1638 3357 1861 3411 initiato
1916 3356 2370 3422 OEGHLMSb,
2432 3358 2657 3412 initiato
2700 3359 2821 3414 rell.
2866 3364 2919 3414 et
3079 3385 3080 3418 1

661 3445 780 3501 son.
999 3444 1031 3499 7
1082 3445 1290 3514 primus
1344 3445 1401 3500 B
1606 3443 1755 3498 saint
1809 3443 1857 3498 s
2068 3445 2131 3498 11
2188 3445 2340 3499 uolut
2392 3443 2716 3513 qualitatem
2768 3444 2918 3500 Bar·
3079 3423 3080 3491 l

656 3533 806 3588 thius
1006 3531 1136 3586 talis
1187 3547 1301 3586 esse
1351 3530 1583 3586 ABDF
1602 3529 1725 3586 Βοὴ.
1738 3569 1753 3597 ,
1809 3530 1949 3584 tales
1998 3545 2113 3586 esee
2156 3533 2225 3599 ρ’
2429 3543 2544 3583 esse
2596 3546 2699 3585 om.
2750 3530 2783 3586 b

660 3617 848 3673 taliter
893 3633 1007 3672 esse
1041 3618 1128 3672 uel
1173 3633 1276 3673 om.
1317 3633 1362 3687 p
1570 3617 1637 3671 12
1692 3617 1956 3672 iucundus
2002 3632 2049 3685 p
2255 3616 2321 3672 13
2374 3615 2690 3670 uiuificandi
2739 3632 2782 3686 p

657 3737 842 3792 anima
881 3737 953 3806 μ’
1156 3736 1223 3790 14
1266 3735 1324 3789 id
1358 3736 1501 3790 idem
1544 3735 1602 3791 R
1808 3735 1875 3791 15
1926 3709 2165 3790 attattus
2219 3735 2267 3790 δ’
2464 3736 2683 3792 animos!
2729 3737 2783 3795 R

662 3823 728 3878 16
775 3821 1042 3891 cogitanti
1085 3821 1156 3876 M
1191 3820 1425 3876 editores
1460 3820 1763 3890 (cogitandi
1800 3820 1919 3876 Βοὴ.
1952 3823 2019 3876 in
2052 3821 2217 3889 notis)
2425 3823 2683 3891 angustia
2714 3826 2784 3893 φ’

661 3909 976 3964 formidanti
1027 3908 1326 3973 Bao-thius,
1397 3906 1768 3963 formidandae
1822 3908 2087 3964 Galland.
2290 3910 2411 3979 agit
2456 3925 2501 3979 p
2710 3912 2773 3966 17
2828 3926 2918 3980 pro

661 3994 892 4062 HLSp²
1108 3994 1228 4049 loca
1285 3993 1403 4049 GM
1410 3993 1468 4060 b,
1524 3993 1642 4048 loco
1694 3991 1914 4062 ΒΗἮ,
1973 3995 2117 4049 locos
2174 3995 2243 4060 G,
2302 3996 2478 4050 locum
2530 3995 2763 4052 ADEF
2778 3995 2917 4062 Sela,
3074 4011 3076 4048 2

661 4081 899 4135 locorum
952 4080 1208 4150 H²Lsp²
1409 4080 1526 4150 pro]
1573 4081 1689 4149 ipso
1734 4081 1847 4135 AB
1860 4121 1875 4149 ,
1932 4082 2051 4150 ipsa
2100 4079 2280 4135 ΒΕΓ
2483 4082 2551 4137 18
2605 4082 2915 4152 poenaliter]
3074 4055 3076 4157 Ι

663 4167 784 4236 agit
819 4165 955 4224 add.
985 4181 1032 4236 p
1235 4167 1366 4222 licet
1409 4165 1454 4221 G
1662 4166 1729 4221 19
1762 4166 2225 4236 incorporabiliter
2258 4166 2373 4222 AB
2397 4165 2517 4222 Sca.
2714 4169 2917 4238 proprie

659 4252 884 4322 scripsi,
943 4252 1032 4340 pie
1065 4250 1150 4320 E,
1206 4268 1308 4308 om.
1349 4252 1403 4310 G
1436 4257 1492 4309 et
1523 4252 1825 4321 Barthius,
1884 4253 1971 4323 pie
2014 4253 2133 4308 rell.
2168 4258 2223 4310 et
2256 4253 2491 4310 editores
2694 4255 2765 4310 20
2805 4253 2919 4308 ani·

660 4388 778 4429 mae
813 4372 957 4441 BH,
1020 4371 1256 4428 animam
1289 4374 1345 4428 A
1550 4372 1623 4428 22
1656 4372 1993 4443 eiusdemque
2018 4389 2065 4444 p
2082 4415 2096 4441 ,
2156 4374 2396 4430 eiusdem
2426 4377 2495 4446 ρ’
3072 4345 3075 4492 j
