3175 5050
638 443 763 512 192
1404 439 1569 495 Clau
1583 438 1777 496 diani
1812 437 2126 494 Mamerti

635 632 833 716 ipsius
907 632 997 696 rei
1062 629 1372 713 imagines
1445 625 1842 714 <tam)quam
1909 644 2023 710 per
2089 645 2307 693 sensus
2376 628 2668 711 corporiS,
2738 625 2919 711 quod

637 734 857 822 dirigit
899 732 1218 811 memoria,
1285 733 1353 798 in
1397 731 1653 798 auribus
1717 729 2107 808 intromittit,
2168 750 2241 797 ac
2283 731 2450 797 sicut
2493 729 2917 814 loquentibus

634 837 817 904 nobis
862 836 1311 919 intellegimus,
1364 838 1429 900 et
1473 833 1794 900 absentias
1840 852 2050 901 rerum
2095 836 2158 900 et
2200 834 2511 919 imagines
2556 835 2916 900 memoriae

635 943 934 1023 retentas,
993 957 1136 1004 cum
1190 939 1487 1004 uoluntas
1543 936 1760 1017 fuerit,
1808 935 2179 1022 cogitamus,
2258 941 2367 1004 sed
2412 939 2642 1022 duplex
2684 955 2913 1001 rerum

638 1046 898 1109 natura:
946 1041 1012 1108 et
1056 1041 1392 1127 corporalis
1436 1040 1638 1126 igitur
1681 1044 1745 1106 et
1788 1041 2156 1124 spiritualis.
2225 1042 2424 1108 omnis
2470 1043 2699 1125 quippe
2731 1059 2915 1106 crea-

637 1151 781 1212 tura
822 1148 931 1212 aut
976 1144 1234 1229 spiritus
1278 1146 1388 1211 aut
1430 1162 1655 1230 corpus
1699 1145 1812 1210 est.
1882 1145 2221 1228 corporalia
2262 1145 2505 1212 scilicet
2535 1164 2648 1230 per
2679 1161 2915 1228 corpus

632 1248 964 1327 sentimus,
1029 1248 1486 1315 intellectualia
1557 1247 1885 1314 intellectu
1956 1249 2354 1332 percipimus.
2446 1268 2591 1334 ergo
2661 1249 2915 1314 duobus

637 1353 838 1419 modis
894 1354 1201 1434 quantum
1245 1351 1313 1416 in
1356 1351 1479 1416 hac
1522 1353 1658 1417 uita
1702 1354 1885 1419 datur
1936 1352 2139 1418 omnis
2198 1353 2288 1418 rei
2342 1353 2612 1419 habetur
2658 1349 2913 1416 notitia.

634 1455 790 1537 quid
848 1456 933 1520 sit
978 1472 1143 1539 ergo,
1201 1457 1364 1538 quod
1410 1453 1641 1520 dicitur
1700 1456 1826 1522 tria
1871 1473 2003 1521 esse
2047 1474 2278 1540 genera
2321 1457 2776 1541 quaestionum,
2828 1473 2915 1520 an

634 1559 743 1636 sit,
790 1558 941 1642 quid
985 1557 1090 1637 sit,
1137 1559 1322 1641 quale
1364 1557 1499 1624 sit?
1544 1577 1652 1623 cur
1699 1575 1930 1642 quaeso
1975 1558 2232 1641 dicitur,
2281 1579 2359 1627 an
2389 1559 2493 1639 sit,
2528 1577 2674 1624 cum
2702 1558 2913 1624 omnis
2934 1579 2989 1618 ιο

642 1661 871 1728 notitia
935 1681 1068 1726 rem
1137 1664 1469 1728 ostendens
1532 1663 2017 1746 ambiguitatem
2075 1663 2263 1729 tollat
2320 1664 2385 1728 et
2441 1662 2736 1728 dubitare
2779 1679 2913 1727 non

637 1765 854 1831 sinat?
900 1765 1005 1829 sed
1043 1783 1158 1848 ego
1203 1766 1354 1848 puto
1399 1764 1492 1830 ita
1535 1765 1814 1848 positum
1860 1784 1992 1831 esse
2022 1767 2139 1832 hoc
2167 1765 2555 1850 ambiguum,
2601 1765 2751 1849 quia
2780 1782 2911 1829 non

635 1869 852 1935 omnia
906 1869 1394 1934 substantiarum
1458 1873 1628 1950 sunt,
1689 1870 1796 1936 sed
1841 1870 2237 1953 reperiuntur
2281 1871 2505 1955 aliqua,
2552 1886 2713 1952 quae
2759 1885 2913 1950 pro·

639 1972 928 2039 bationes
988 1991 1199 2037 earum
1259 1973 1614 2038 ostendunt.
1693 1974 1871 2038 uerbi
1928 1992 2110 2039 causa
2155 1974 2211 2038 si
2256 1973 2632 2055 requiratur,
2686 1971 2913 2035 utrum

641 2076 876 2141 bonum
943 2074 1296 2142 substantia
1359 2080 1454 2140 est
1522 2094 1600 2142 an
1667 2095 1811 2157 non,
1858 2080 2297 2160 respondemus
2364 2095 2488 2142 non
2550 2093 2686 2140 esse
2751 2073 2983 2140 sub-15

641 2179 964 2257 stantiam,
1039 2179 1146 2244 sed
1217 2179 1637 2262 priuationem
1712 2181 1888 2248 mali.
1976 2184 2141 2247 recte
2204 2182 2368 2247 enim
2444 2179 2767 2264 quaeritur
2835 2178 2912 2241 in

636 2283 1001 2364 quaestione
1055 2279 1277 2364 prima,
1335 2281 1548 2346 utrum
1605 2299 1827 2366 corpus
1874 2283 1959 2347 sit
2003 2303 2081 2348 an
2129 2283 2409 2365 spirituS,
2458 2288 2524 2348 et
2567 2283 2637 2347 in
2682 2282 2910 2348 subse-

636 2387 868 2469 quente
931 2383 1291 2469 requiritur,
1361 2386 1544 2468 quale
1615 2386 1719 2470 sit,
1789 2386 2004 2451 utrum
2070 2404 2293 2469 corpus
2354 2387 2624 2452 animale
2682 2385 2770 2452 sit
2818 2404 2909 2451 an

639 2490 986 2574 spirituale,
1061 2488 1315 2573 spiritus
1391 2486 1721 2555 rationalis
1794 2507 1873 2556 an
1947 2489 2364 2557 inrationalis
2452 2493 2619 2557 recte
2706 2489 2909 2575 igitur

637 2594 904 2660 definita
967 2597 1116 2658 sunt
1179 2594 1306 2659 tria
1362 2612 1497 2659 esse
1554 2612 1787 2678 genera
1843 2594 2301 2678 quaestionum,
2361 2593 2437 2660 de
2493 2594 2720 2678 quibus
2774 2594 2981 2659 iamne

639 2699 800 2763 satis
865 2697 1159 2777 breuiter,
1209 2698 1282 2763 ut
1341 2698 1630 2778 arbitror,
1698 2697 1991 2763 diximus.
2066 2714 2233 2763 nunc
2302 2698 2498 2764 etiam
2565 2697 2901 2763 uideamus

636 2802 794 2886 quot
837 2817 1068 2882 genera
1109 2804 1254 2867 sunt
1314 2819 1656 2885 corporum.

727 2921 1026 3004 Quamuis
1083 2923 1572 2989 innumerabiles
1631 2925 1865 3007 species
1930 2922 2044 2988 sub
2106 2943 2171 2988 se
2225 2922 2473 3003 habeat,
2520 2921 2651 2989 tria
2692 2924 2900 2987 tamen

715 3213 740 3266 1
781 3212 1055 3282 tamquam
1089 3212 1318 3281 scripsi,
1375 3216 1481 3280 qua¹
1517 3212 1608 3277 M,
1664 3227 1797 3281 quas
1832 3212 2068 3268 editores
2264 3210 2499 3279 corporis
2533 3209 2607 3281 qd
2639 3211 2734 3275 M,
2793 3224 2904 3264 cor·

639 3316 888 3384 porisque
925 3330 971 3383 p
1176 3315 1211 3368 2
1257 3315 1510 3382 memorie
1555 3315 1649 3381 M,
1703 3330 1841 3370 corr.
1889 3315 1921 3370 b
2127 3301 2211 3369 set
2255 3315 2350 3382 M,
2412 3314 2490 3367 sic
2536 3313 2768 3368 editores

640 3407 816 3457 totum
863 3401 1215 3457 enuntiatum
1260 3403 1340 3456 sie
1385 3400 1831 3457 constituendum
1874 3406 2052 3457 censet
2106 3402 2231 3457 Gar.
2280 3400 2656 3455 Schenkelius:
2714 3414 2903 3453 nomen

640 3505 770 3557 ergo
819 3488 994 3542 dixere
1040 3488 1261 3557 prioreS,
1309 3486 1449 3555 quod
1493 3504 1605 3541 rem
1652 3490 1835 3543 uotam
1878 3488 2063 3541 faciat.
2124 3487 2265 3558 quod
2300 3487 2470 3557 ipsius
2506 3487 2587 3540 rei
2621 3486 2900 3554 imagines,

636 3591 776 3644 quas
823 3589 916 3642 per
952 3589 1138 3627 sensus
1175 3574 1408 3642 corporis
1445 3573 1634 3643 [quod]
1669 3572 1887 3643 dirigit,
1936 3574 2192 3627 memoria
2235 3573 2293 3627 in
2328 3574 2547 3628 auribus
2583 3571 2903 3626 intromittit

642 3713 704 3750 ac
739 3697 879 3750 sicut
913 3695 1259 3765 loquentibus
1294 3694 1450 3749 nobis
1486 3694 1877 3765 intellegimus,
1913 3697 1969 3749 et
1993 3733 2010 3747 .
2027 3732 2043 3749 .
2062 3732 2078 3748 .
2095 3695 2398 3764 cogitamus
2571 3695 2606 3749 5
2639 3693 2833 3764 igitur]
2866 3657 2903 3762 g

637 3800 724 3865 M,
779 3815 880 3854 om.
907 3797 1144 3854 editores
1314 3780 1516 3867 sp'ffa‘lis
1540 3798 1619 3852 M
1783 3784 1858 3867 (ᾗ)
1882 3798 1959 3852 Μ
2123 3798 2159 3853 6
2186 3787 2275 3852 ‘ut
2298 3799 2373 3852 M
2391 3798 2609 3867 (priore
2630 3799 2768 3867 loco)

640 3887 676 3939 9
711 3885 840 3955 quid
863 3886 1076 3954 scripsi,
1131 3884 1271 3954 quod
1305 3885 1380 3938 M
1403 3884 1639 3940 editores
1810 3886 1885 3939 sit
1919 3884 2005 3950 M,
2058 3886 2145 3938 est
2178 3883 2544 3952 Schenkelius,
2600 3900 2679 3939 an
2714 3884 2809 3954 qui
2843 3883 2905 3938 fit

636 4005 988 4061 scribendum
1010 4005 1040 4061 2
1227 4007 1295 4061 12
1328 3976 1365 4058 fl
1407 4005 1479 4059 M
1670 4004 1736 4059 13
1772 3976 2045 4075 {bacionis
2082 4004 2157 4059 M
2361 4005 2426 4059 16
2461 4006 2824 4095 primationem
2858 4006 2905 4071 b,

641 4109 886 4177 priuacio
938 4109 1013 4162 M
1216 4109 1280 4161 17
1332 4107 1546 4177 questio
1595 4112 1624 4161 ἔ
1676 4109 1751 4164 M
1951 4108 2021 4163 23
2073 4109 2408 4164 sententiam
2442 4124 2481 4163 α
2529 4110 2778 4177 quamuis
2821 4108 2906 4162 in-

637 4194 933 4262 cipientem
983 4210 1104 4249 cum
1155 4195 1404 4263 sequenti
1457 4194 1747 4249 enuntiato
1800 4194 1908 4249 tria
1960 4196 2144 4249 tamen
2190 4194 2475 4259 coniunxi,
2529 4208 2655 4248 cum
2699 4198 2909 4247 antece-

639 4280 895 4335 dentibus
928 4280 1170 4350 iunqunt
1205 4280 1456 4346 editores,
1495 4294 1629 4348 qnos
1662 4281 1714 4335 si
1746 4280 1899 4349 sequi
1932 4280 2039 4345 uie,
2075 4280 2383 4335 necessaria
2416 4283 2559 4335 certe
2595 4282 2677 4333 est
2711 4277 2909 4334 Schen-

637 4367 775 4422 Icelii
810 4367 1120 4421 emendatio
1156 4367 1391 4421 habeant
1424 4367 1719 4423 scribentis

3128 2433 3130 2442 ⁴
