<?xml version="1.0" encoding="UTF-8"?>
<!DOCTYPE html PUBLIC "-//W3C//DTD XHTML 1.0 Transitional//EN"
    "http://www.w3.org/TR/xhtml1/DTD/xhtml1-transitional.dtd">
<html xmlns="http://www.w3.org/1999/xhtml" xml:lang="en" lang="en">
 <head>
  <title>
</title>
<meta http-equiv="Content-Type" content="text/html;charset=utf-8" />
  <meta name='ocr-system' content='tesseract 3.04.00' />
  <meta name='ocr-capabilities' content='ocr_page ocr_carea ocr_par ocr_line ocrx_word'/>
</head>
<body>
  <div class='ocr_page' id='page_1' title='image "./corpusscriptoru28wiengoog_0272.png"; bbox 0 0 3175 5050; ppageno 0'>
   <div class='ocr_carea' id='block_1_1' title="bbox 663 438 2157 518">
    <p class='ocr_par' dir='ltr' id='par_1_1' title="bbox 663 438 2157 518">
     <span class='ocr_line' id='line_1_1' title="bbox 663 438 2157 518; baseline -0.013 -5"><span class='ocrx_word' id='word_1_1' title='bbox 663 449 790 518; x_wconf 85' lang='grc'><strong>188</strong></span> <span class='ocrx_word' id='word_1_2' title='bbox 1433 441 1809 499; x_wconf 77' lang='lat' dir='ltr'><strong>Claudiani</strong></span> <span class='ocrx_word' id='word_1_3' title='bbox 1842 438 2157 496; x_wconf 77' lang='lat' dir='ltr'><strong>Mamerti</strong></span> 
     </span>
    </p>
   </div>
   <div class='ocr_carea' id='block_1_2' title="bbox 1670 683 1903 768">
    <p class='ocr_par' dir='ltr' id='par_1_2' title="bbox 1670 683 1903 768">
     <span class='ocr_line' id='line_1_2' title="bbox 1670 683 1903 768; baseline -0.013 1"><span class='ocrx_word' id='word_1_4' title='bbox 1670 683 1903 768; x_wconf 90' lang='lat' dir='ltr'><strong>XVII.</strong></span> 
     </span>
    </p>
   </div>
   <div class='ocr_carea' id='block_1_3' title="bbox 662 885 3031 1061">
    <p class='ocr_par' dir='ltr' id='par_1_3' title="bbox 662 885 3031 1061">
     <span class='ocr_line' id='line_1_3' title="bbox 662 885 3031 946; baseline -0.004 0"><span class='ocrx_word' id='word_1_5' title='bbox 662 895 937 946; x_wconf 69' lang='lat' dir='ltr'>CONTRA</span> <span class='ocrx_word' id='word_1_6' title='bbox 993 891 1450 944; x_wconf 75' lang='lat' dir='ltr'>FAS&#39;HDIOSVM</span> <span class='ocrx_word' id='word_1_7' title='bbox 1492 893 1581 942; x_wconf 77' lang='lat' dir='ltr'><strong>m·</strong></span> <span class='ocrx_word' id='word_1_8' title='bbox 1624 890 2221 942; x_wconf 70' lang='lat' dir='ltr'><strong>GALvumA&#39;rom</strong></span> <span class='ocrx_word' id='word_1_9' title='bbox 2276 889 2525 940; x_wconf 72' lang='lat' dir='ltr'>EORVM</span> <span class='ocrx_word' id='word_1_10' title='bbox 2574 885 2926 937; x_wconf 65' lang='lat' dir='ltr'>LIBRORVH</span> <span class='ocrx_word' id='word_1_11' title='bbox 3028 934 3031 936; x_wconf 75' lang='grc'>,</span> 
     </span>
     <span class='ocr_line' id='line_1_4' title="bbox 664 990 2927 1061; baseline -0.004 -14"><span class='ocrx_word' id='word_1_12' title='bbox 664 998 1014 1061; x_wconf 74' lang='lat' dir='ltr'><strong>QVALITER</strong></span> <span class='ocrx_word' id='word_1_13' title='bbox 1039 996 1484 1046; x_wconf 73' lang='lat' dir='ltr'><strong>DEvch&#39;l&#39;vn</strong></span> <span class='ocrx_word' id='word_1_14' title='bbox 1511 997 1605 1044; x_wconf 78' lang='lat' dir='ltr'><strong>DE</strong></span> <span class='ocrx_word' id='word_1_15' title='bbox 1634 994 1881 1044; x_wconf 72' lang='lat' dir='ltr'>MVNDO</span> <span class='ocrx_word' id='word_1_16' title='bbox 1909 993 2291 1044; x_wconf 76' lang='lat' dir='ltr'>PROPOSVIT</span> <span class='ocrx_word' id='word_1_17' title='bbox 2328 990 2927 1042; x_wconf 68' lang='lat' dir='ltr'><strong>CONPARATIONEM.</strong></span> 
     </span>
    </p>
   </div>
   <div class='ocr_carea' id='block_1_4' title="bbox 665 1131 3001 2869">
    <p class='ocr_par' dir='ltr' id='par_1_4' title="bbox 665 1131 3001 2869">
     <span class='ocr_line' id='line_1_5' title="bbox 753 1131 2929 1220; baseline -0.005 -17"><span class='ocrx_word' id='word_1_18' title='bbox 753 1136 914 1218; x_wconf 83' lang='lat' dir='ltr'>Quid</span> <span class='ocrx_word' id='word_1_19' title='bbox 959 1137 1031 1202; x_wconf 91' lang='lat' dir='ltr'><strong>tu</strong></span> <span class='ocrx_word' id='word_1_20' title='bbox 1074 1137 1290 1220; x_wconf 89' lang='lat' dir='ltr'><strong>igitur,</strong></span> <span class='ocrx_word' id='word_1_21' title='bbox 1335 1135 1427 1202; x_wconf 89' lang='lat' dir='ltr'><strong>ait</strong></span> <span class='ocrx_word' id='word_1_22' title='bbox 1470 1133 1724 1218; x_wconf 85' lang='lat' dir='ltr'><strong>aliquis,</strong></span> <span class='ocrx_word' id='word_1_23' title='bbox 1768 1153 1879 1220; x_wconf 90' lang='lat' dir='ltr'><strong>per</strong></span> <span class='ocrx_word' id='word_1_24' title='bbox 1907 1133 2060 1200; x_wconf 85' lang='lat' dir='ltr'><strong>haec</strong></span> <span class='ocrx_word' id='word_1_25' title='bbox 2089 1133 2215 1198; x_wconf 85' lang='lat' dir='ltr'><strong>tria</strong></span> <span class='ocrx_word' id='word_1_26' title='bbox 2242 1132 2570 1198; x_wconf 88' lang='lat' dir='ltr'><strong>uolumina</strong></span> <span class='ocrx_word' id='word_1_27' title='bbox 2598 1131 2929 1195; x_wconf 85' lang='lat' dir='ltr'><strong>aduersum</strong></span> 
     </span>
     <span class='ocr_line' id='line_1_6' title="bbox 667 1233 2986 1324; baseline -0.003 -20"><span class='ocrx_word' id='word_1_28' title='bbox 667 1237 922 1304; x_wconf 89' lang='lat' dir='ltr'><strong>breuem</strong></span> <span class='ocrx_word' id='word_1_29' title='bbox 967 1241 1263 1324; x_wconf 86' lang='lat' dir='ltr'><strong>paginam</strong></span> <span class='ocrx_word' id='word_1_30' title='bbox 1307 1239 1619 1324; x_wconf 86' lang='lat' dir='ltr'><strong>spatiatus</strong></span> <span class='ocrx_word' id='word_1_31' title='bbox 1665 1257 1747 1314; x_wconf 86' lang='lat' dir='ltr'><strong>es,</strong></span> <span class='ocrx_word' id='word_1_32' title='bbox 1794 1237 1849 1304; x_wconf 87' lang='lat' dir='ltr'><strong>si</strong></span> <span class='ocrx_word' id='word_1_33' title='bbox 1893 1235 2160 1303; x_wconf 90' lang='lat' dir='ltr'><strong>uerbum</strong></span> <span class='ocrx_word' id='word_1_34' title='bbox 2202 1233 2400 1302; x_wconf 88' lang='lat' dir='ltr'><strong>uerbo</strong></span> <span class='ocrx_word' id='word_1_35' title='bbox 2430 1235 2635 1301; x_wconf 75' lang='lat' dir='ltr'><strong>satis?</strong></span> <span class='ocrx_word' id='word_1_36' title='bbox 2676 1234 2786 1299; x_wconf 87' lang='lat' dir='ltr'><strong>sed</strong></span> <span class='ocrx_word' id='word_1_37' title='bbox 2816 1251 2930 1296; x_wconf 92' lang='lat' dir='ltr'><strong>non</strong></span> <span class='ocrx_word' id='word_1_38' title='bbox 2962 1255 2986 1298; x_wconf 82' lang='lat'><strong>5</strong></span> 
     </span>
     <span class='ocr_line' id='line_1_7' title="bbox 665 1337 2931 1428; baseline -0.004 -20"><span class='ocrx_word' id='word_1_39' title='bbox 665 1343 734 1408; x_wconf 94' lang='lat' dir='ltr'><strong>id</strong></span> <span class='ocrx_word' id='word_1_40' title='bbox 781 1343 1018 1428; x_wconf 90' lang='lat' dir='ltr'><strong>negotii</strong></span> <span class='ocrx_word' id='word_1_41' title='bbox 1073 1347 1172 1410; x_wconf 90' lang='lat' dir='ltr'><strong>est</strong></span> <span class='ocrx_word' id='word_1_42' title='bbox 1232 1341 1550 1410; x_wconf 85' lang='lat' dir='ltr'><strong>fallaciam</strong></span> <span class='ocrx_word' id='word_1_43' title='bbox 1602 1345 1859 1420; x_wconf 86' lang='lat' dir='ltr'><strong>struere,</strong></span> <span class='ocrx_word' id='word_1_44' title='bbox 1906 1339 2069 1425; x_wconf 89' lang='lat' dir='ltr'><strong>quod</strong></span> <span class='ocrx_word' id='word_1_45' title='bbox 2113 1340 2451 1406; x_wconf 88' lang='lat' dir='ltr'><strong>destruere.</strong></span> <span class='ocrx_word' id='word_1_46' title='bbox 2529 1340 2724 1420; x_wconf 86' lang='lat' dir='ltr'><strong>neget</strong></span> <span class='ocrx_word' id='word_1_47' title='bbox 2769 1337 2931 1419; x_wconf 84' lang='lat' dir='ltr'><strong>quis-</strong></span> 
     </span>
     <span class='ocr_line' id='line_1_8' title="bbox 668 1438 2933 1532; baseline -0.004 -19"><span class='ocrx_word' id='word_1_48' title='bbox 668 1448 839 1532; x_wconf 84' lang='lat' dir='ltr'><strong>piam</strong></span> <span class='ocrx_word' id='word_1_49' title='bbox 905 1447 1237 1530; x_wconf 74' lang='lat' dir='ltr'>sphaeram</span> <span class='ocrx_word' id='word_1_50' title='bbox 1303 1465 1438 1511; x_wconf 86' lang='lat' dir='ltr'><strong>esse</strong></span> <span class='ocrx_word' id='word_1_51' title='bbox 1503 1445 1845 1511; x_wconf 85' lang='lat' dir='ltr'><strong>mundum:</strong></span> <span class='ocrx_word' id='word_1_52' title='bbox 1919 1461 2043 1509; x_wconf 91' lang='lat' dir='ltr'><strong>uno</strong></span> <span class='ocrx_word' id='word_1_53' title='bbox 2097 1443 2349 1526; x_wconf 89' lang='lat' dir='ltr'><strong>quidem</strong></span> <span class='ocrx_word' id='word_1_54' title='bbox 2417 1444 2537 1508; x_wconf 88' lang='lat' dir='ltr'><strong>hoe</strong></span> <span class='ocrx_word' id='word_1_55' title='bbox 2591 1441 2706 1506; x_wconf 89' lang='lat' dir='ltr'><strong>ille</strong></span> <span class='ocrx_word' id='word_1_56' title='bbox 2750 1438 2933 1506; x_wconf 88' lang='lat' dir='ltr'><strong>uerbo</strong></span> 
     </span>
     <span class='ocr_line' id='line_1_9' title="bbox 669 1539 2936 1632; baseline -0.003 -17"><span class='ocrx_word' id='word_1_57' title='bbox 669 1549 1012 1632; x_wconf 87' lang='lat' dir='ltr'><strong>negauerit‚</strong></span> <span class='ocrx_word' id='word_1_58' title='bbox 1059 1551 1168 1616; x_wconf 90' lang='lat' dir='ltr'><strong>sed</strong></span> <span class='ocrx_word' id='word_1_59' title='bbox 1214 1569 1338 1615; x_wconf 92' lang='lat' dir='ltr'><strong>non</strong></span> <span class='ocrx_word' id='word_1_60' title='bbox 1382 1549 1451 1614; x_wconf 88' lang='lat' dir='ltr'><strong>id</strong></span> <span class='ocrx_word' id='word_1_61' title='bbox 1496 1566 1619 1613; x_wconf 90' lang='lat' dir='ltr'><strong>uno</strong></span> <span class='ocrx_word' id='word_1_62' title='bbox 1651 1548 1808 1613; x_wconf 89' lang='lat' dir='ltr'><strong>item</strong></span> <span class='ocrx_word' id='word_1_63' title='bbox 1835 1546 2029 1612; x_wconf 89' lang='lat' dir='ltr'><strong>uerbo</strong></span> <span class='ocrx_word' id='word_1_64' title='bbox 2072 1539 2179 1610; x_wconf 80' lang='lat' dir='ltr'><strong>&#39;nel</strong></span> <span class='ocrx_word' id='word_1_65' title='bbox 2207 1546 2505 1614; x_wconf 82' lang='lat' dir='ltr'><strong>Timaeus</strong></span> <span class='ocrx_word' id='word_1_66' title='bbox 2534 1542 2936 1611; x_wconf 78' lang='lat' dir='ltr'><strong>adstruxerit.</strong></span> 
     </span>
     <span class='ocr_line' id='line_1_10' title="bbox 669 1647 2933 1737; baseline -0.004 -20"><span class='ocrx_word' id='word_1_67' title='bbox 669 1653 928 1736; x_wconf 85' lang='lat' dir='ltr'><strong>proinde</strong></span> <span class='ocrx_word' id='word_1_68' title='bbox 993 1653 1294 1737; x_wconf 89' lang='lat' dir='ltr'><strong>quidquid</strong></span> <span class='ocrx_word' id='word_1_69' title='bbox 1358 1651 1521 1720; x_wconf 90' lang='lat' dir='ltr'><strong>illud</strong></span> <span class='ocrx_word' id='word_1_70' title='bbox 1586 1651 1998 1734; x_wconf 80' lang='lat' dir='ltr'><strong>ampliuscule</strong></span> <span class='ocrx_word' id='word_1_71' title='bbox 2065 1647 2465 1716; x_wconf 86' lang='lat' dir='ltr'><strong>sermocinati</strong></span> <span class='ocrx_word' id='word_1_72' title='bbox 2525 1666 2763 1724; x_wconf 78' lang='lat' dir='ltr'><strong>sumne,</strong></span> <span class='ocrx_word' id='word_1_73' title='bbox 2820 1663 2933 1710; x_wconf 88' lang='lat' dir='ltr'><strong>non</strong></span> 
     </span>
     <span class='ocr_line' id='line_1_11' title="bbox 669 1748 2993 1837; baseline -0.004 -17"><span class='ocrx_word' id='word_1_74' title='bbox 669 1759 852 1821; x_wconf 92' lang='lat' dir='ltr'><strong>modo</strong></span> <span class='ocrx_word' id='word_1_75' title='bbox 912 1756 1046 1822; x_wconf 85' lang='lat' dir='ltr'><strong>sola</strong></span> <span class='ocrx_word' id='word_1_76' title='bbox 1102 1755 1250 1821; x_wconf 87' lang='lat' dir='ltr'><strong>falsi</strong></span> <span class='ocrx_word' id='word_1_77' title='bbox 1309 1754 1681 1837; x_wconf 85' lang='lat' dir='ltr'><strong>confutatio,</strong></span> <span class='ocrx_word' id='word_1_78' title='bbox 1745 1755 1852 1820; x_wconf 89' lang='lat' dir='ltr'><strong>sed</strong></span> <span class='ocrx_word' id='word_1_79' title='bbox 1904 1755 2040 1819; x_wconf 89' lang='lat' dir='ltr'><strong>ueri</strong></span> <span class='ocrx_word' id='word_1_80' title='bbox 2086 1753 2279 1820; x_wconf 88' lang='lat' dir='ltr'><strong>etiam</strong></span> <span class='ocrx_word' id='word_1_81' title='bbox 2323 1750 2529 1834; x_wconf 78' lang='lat' dir='ltr'><strong>coegit</strong></span> <span class='ocrx_word' id='word_1_82' title='bbox 2572 1748 2993 1818; x_wconf 81' lang='lat' dir='ltr'><strong>adstructio.1o</strong></span> 
     </span>
     <span class='ocr_line' id='line_1_12' title="bbox 673 1851 2939 1940; baseline -0.002 -19"><span class='ocrx_word' id='word_1_83' title='bbox 673 1856 902 1940; x_wconf 86' lang='lat' dir='ltr'><strong>quippe</strong></span> <span class='ocrx_word' id='word_1_84' title='bbox 949 1859 1271 1924; x_wconf 88' lang='lat' dir='ltr'><strong>diuersum</strong></span> <span class='ocrx_word' id='word_1_85' title='bbox 1335 1858 1433 1923; x_wconf 85' lang='lat' dir='ltr'><strong>est</strong></span> <span class='ocrx_word' id='word_1_86' title='bbox 1489 1857 1787 1923; x_wconf 88' lang='lat' dir='ltr'><strong>dedocere</strong></span> <span class='ocrx_word' id='word_1_87' title='bbox 1827 1857 2010 1922; x_wconf 85' lang='lat' dir='ltr'><strong>noxia</strong></span> <span class='ocrx_word' id='word_1_88' title='bbox 2054 1859 2116 1921; x_wconf 88' lang='lat' dir='ltr'><strong>et</strong></span> <span class='ocrx_word' id='word_1_89' title='bbox 2152 1854 2337 1920; x_wconf 85' lang='lat' dir='ltr'><strong>utilia</strong></span> <span class='ocrx_word' id='word_1_90' title='bbox 2379 1855 2619 1932; x_wconf 89' lang='lat' dir='ltr'><strong>docere,</strong></span> <span class='ocrx_word' id='word_1_91' title='bbox 2664 1871 2784 1918; x_wconf 91' lang='lat' dir='ltr'><strong>nec</strong></span> <span class='ocrx_word' id='word_1_92' title='bbox 2829 1851 2939 1916; x_wconf 89' lang='lat' dir='ltr'><strong>hoc</strong></span> 
     </span>
     <span class='ocr_line' id='line_1_13' title="bbox 672 1958 2939 2044; baseline -0.002 -20"><span class='ocrx_word' id='word_1_93' title='bbox 672 1959 842 2024; x_wconf 90' lang='lat' dir='ltr'><strong>idem</strong></span> <span class='ocrx_word' id='word_1_94' title='bbox 903 1962 1000 2025; x_wconf 88' lang='lat' dir='ltr'><strong>est</strong></span> <span class='ocrx_word' id='word_1_95' title='bbox 1043 1964 1282 2025; x_wconf 84' lang='lat' dir='ltr'><strong>sentem</strong></span> <span class='ocrx_word' id='word_1_96' title='bbox 1326 1961 1457 2026; x_wconf 91' lang='lat' dir='ltr'><strong>solo</strong></span> <span class='ocrx_word' id='word_1_97' title='bbox 1502 1961 1755 2036; x_wconf 86' lang='lat' dir='ltr'><strong>uellere,</strong></span> <span class='ocrx_word' id='word_1_98' title='bbox 1816 1960 1980 2041; x_wconf 90' lang='lat' dir='ltr'><strong>quod</strong></span> <span class='ocrx_word' id='word_1_99' title='bbox 2039 1958 2290 2044; x_wconf 87' lang='lat' dir='ltr'><strong>frugem</strong></span> <span class='ocrx_word' id='word_1_100' title='bbox 2331 1959 2549 2034; x_wconf 87' lang='lat' dir='ltr'><strong>iacere,</strong></span> <span class='ocrx_word' id='word_1_101' title='bbox 2624 1975 2755 2021; x_wconf 87' lang='lat' dir='ltr'><strong>non</strong></span> <span class='ocrx_word' id='word_1_102' title='bbox 2801 1973 2939 2040; x_wconf 88' lang='lat' dir='ltr'><strong>ergo</strong></span> 
     </span>
     <span class='ocr_line' id='line_1_14' title="bbox 674 2057 2941 2146; baseline -0.001 -19"><span class='ocrx_word' id='word_1_103' title='bbox 674 2062 741 2127; x_wconf 91' lang='lat' dir='ltr'><strong>id</strong></span> <span class='ocrx_word' id='word_1_104' title='bbox 782 2064 990 2146; x_wconf 86' lang='lat' dir='ltr'><strong>ipsum</strong></span> <span class='ocrx_word' id='word_1_105' title='bbox 1038 2065 1135 2128; x_wconf 89' lang='lat' dir='ltr'><strong>est</strong></span> <span class='ocrx_word' id='word_1_106' title='bbox 1181 2082 1392 2128; x_wconf 89' lang='lat' dir='ltr'><strong>eruere</strong></span> <span class='ocrx_word' id='word_1_107' title='bbox 1439 2062 1691 2142; x_wconf 87' lang='lat' dir='ltr'><strong>uitium,</strong></span> <span class='ocrx_word' id='word_1_108' title='bbox 1738 2063 1903 2144; x_wconf 89' lang='lat' dir='ltr'><strong>quod</strong></span> <span class='ocrx_word' id='word_1_109' title='bbox 1948 2081 2149 2126; x_wconf 85' lang='lat' dir='ltr'><strong>serere</strong></span> <span class='ocrx_word' id='word_1_110' title='bbox 2194 2060 2519 2126; x_wconf 86' lang='lat' dir='ltr'><strong>uirtutem.</strong></span> <span class='ocrx_word' id='word_1_111' title='bbox 2586 2059 2794 2124; x_wconf 92' lang='lat' dir='ltr'><strong>multo</strong></span> <span class='ocrx_word' id='word_1_112' title='bbox 2826 2057 2941 2141; x_wconf 84' lang='lat' dir='ltr'><strong>igi·</strong></span> 
     </span>
     <span class='ocr_line' id='line_1_15' title="bbox 676 2158 2943 2249; baseline -0.001 -20"><span class='ocrx_word' id='word_1_113' title='bbox 676 2166 783 2230; x_wconf 88' lang='lat' dir='ltr'><strong>tur</strong></span> <span class='ocrx_word' id='word_1_114' title='bbox 828 2166 1096 2249; x_wconf 86' lang='lat' dir='ltr'><strong>amplius</strong></span> <span class='ocrx_word' id='word_1_115' title='bbox 1141 2184 1361 2249; x_wconf 83' lang='lat' dir='ltr'><strong>operae</strong></span> <span class='ocrx_word' id='word_1_116' title='bbox 1416 2167 1852 2232; x_wconf 89' lang='lat' dir='ltr'><strong>insumendum</strong></span> <span class='ocrx_word' id='word_1_117' title='bbox 1877 2158 1995 2232; x_wconf 73' lang='lat' dir='ltr'><strong>&#39;est</strong></span> <span class='ocrx_word' id='word_1_118' title='bbox 2039 2165 2109 2230; x_wconf 90' lang='lat' dir='ltr'><strong>in</strong></span> <span class='ocrx_word' id='word_1_119' title='bbox 2152 2167 2418 2247; x_wconf 88' lang='lat' dir='ltr'><strong>utroque</strong></span> <span class='ocrx_word' id='word_1_120' title='bbox 2461 2164 2712 2241; x_wconf 90' lang='lat' dir='ltr'><strong>horum,</strong></span> <span class='ocrx_word' id='word_1_121' title='bbox 2758 2181 2943 2246; x_wconf 85' lang='lat' dir='ltr'><strong>quam</strong></span> 
     </span>
     <span class='ocr_line' id='line_1_16' title="bbox 674 2265 2997 2352; baseline -0.003 -18"><span class='ocrx_word' id='word_1_122' title='bbox 674 2269 744 2334; x_wconf 93' lang='lat' dir='ltr'><strong>in</strong></span> <span class='ocrx_word' id='word_1_123' title='bbox 789 2269 1184 2334; x_wconf 87' lang='lat' dir='ltr'><strong>alterutrum.</strong></span> <span class='ocrx_word' id='word_1_124' title='bbox 1258 2287 1440 2352; x_wconf 88' lang='lat' dir='ltr'><strong>porro</strong></span> <span class='ocrx_word' id='word_1_125' title='bbox 1501 2271 1715 2336; x_wconf 85' lang='lat' dir='ltr'><strong>autem</strong></span> <span class='ocrx_word' id='word_1_126' title='bbox 1774 2288 1916 2335; x_wconf 91' lang='lat' dir='ltr'><strong>cum</strong></span> <span class='ocrx_word' id='word_1_127' title='bbox 1979 2273 2245 2351; x_wconf 83' lang='lat' dir='ltr'><strong>utraque</strong></span> <span class='ocrx_word' id='word_1_128' title='bbox 2304 2267 2546 2350; x_wconf 88' lang='lat' dir='ltr'><strong>agitare</strong></span> <span class='ocrx_word' id='word_1_129' title='bbox 2596 2265 2762 2332; x_wconf 88' lang='lat' dir='ltr'><strong>mihi</strong></span> <span class='ocrx_word' id='word_1_130' title='bbox 2808 2281 2997 2347; x_wconf 78' lang='lat' dir='ltr'><strong>pro-15</strong></span> 
     </span>
     <span class='ocr_line' id='line_1_17' title="bbox 674 2368 2945 2458; baseline -0.002 -22"><span class='ocrx_word' id='word_1_131' title='bbox 674 2370 888 2436; x_wconf 87' lang='lat' dir='ltr'><strong>uincia</strong></span> <span class='ocrx_word' id='word_1_132' title='bbox 953 2372 1164 2453; x_wconf 86' lang='lat' dir='ltr'><strong>fuerit,</strong></span> <span class='ocrx_word' id='word_1_133' title='bbox 1231 2373 1299 2437; x_wconf 91' lang='lat' dir='ltr'><strong>in</strong></span> <span class='ocrx_word' id='word_1_134' title='bbox 1366 2377 1500 2438; x_wconf 88' lang='lat' dir='ltr'><strong>tam</strong></span> <span class='ocrx_word' id='word_1_135' title='bbox 1565 2375 1925 2456; x_wconf 88' lang='lat' dir='ltr'><strong>praepedito</strong></span> <span class='ocrx_word' id='word_1_136' title='bbox 1991 2373 2242 2458; x_wconf 88' lang='lat' dir='ltr'><strong>negotio</strong></span> <span class='ocrx_word' id='word_1_137' title='bbox 2307 2370 2675 2454; x_wconf 86' lang='lat' dir='ltr'><strong>praesertim</strong></span> <span class='ocrx_word' id='word_1_138' title='bbox 2744 2368 2945 2452; x_wconf 85' lang='lat' dir='ltr'><strong>magis</strong></span> 
     </span>
     <span class='ocr_line' id='line_1_18' title="bbox 675 2472 2944 2561; baseline -0.003 -18"><span class='ocrx_word' id='word_1_139' title='bbox 675 2477 841 2543; x_wconf 91' lang='lat' dir='ltr'><strong>mira</strong></span> <span class='ocrx_word' id='word_1_140' title='bbox 901 2477 999 2541; x_wconf 90' lang='lat' dir='ltr'><strong>est</strong></span> <span class='ocrx_word' id='word_1_141' title='bbox 1056 2476 1329 2561; x_wconf 85' lang='lat' dir='ltr'><strong>parcitas</strong></span> <span class='ocrx_word' id='word_1_142' title='bbox 1391 2495 1578 2560; x_wconf 87' lang='lat' dir='ltr'><strong>quam</strong></span> <span class='ocrx_word' id='word_1_143' title='bbox 1630 2475 1975 2560; x_wconf 80' lang='lat' dir='ltr'><strong>prolixitas.</strong></span> <span class='ocrx_word' id='word_1_144' title='bbox 2052 2493 2204 2541; x_wconf 90' lang='lat' dir='ltr'><strong>nam</strong></span> <span class='ocrx_word' id='word_1_145' title='bbox 2248 2494 2391 2541; x_wconf 90' lang='lat' dir='ltr'><strong>cum</strong></span> <span class='ocrx_word' id='word_1_146' title='bbox 2434 2491 2570 2540; x_wconf 88' lang='lat' dir='ltr'><strong>sese</strong></span> <span class='ocrx_word' id='word_1_147' title='bbox 2614 2472 2944 2539; x_wconf 89' lang='lat' dir='ltr'><strong>undeunde</strong></span> 
     </span>
     <span class='ocr_line' id='line_1_19' title="bbox 680 2576 2945 2663; baseline -0.003 -18"><span class='ocrx_word' id='word_1_148' title='bbox 680 2580 1092 2645; x_wconf 88' lang='lat' dir='ltr'><strong>clarescentes</strong></span> <span class='ocrx_word' id='word_1_149' title='bbox 1139 2584 1326 2663; x_wconf 87' lang='lat' dir='ltr'><strong>atque</strong></span> <span class='ocrx_word' id='word_1_150' title='bbox 1372 2582 1757 2646; x_wconf 83' lang='lat' dir='ltr'><strong>ostentantes</strong></span> <span class='ocrx_word' id='word_1_151' title='bbox 1802 2580 2135 2663; x_wconf 88' lang='lat' dir='ltr'><strong>proderent</strong></span> <span class='ocrx_word' id='word_1_152' title='bbox 2179 2578 2458 2661; x_wconf 87' lang='lat' dir='ltr'><strong>aliasque</strong></span> <span class='ocrx_word' id='word_1_153' title='bbox 2503 2576 2945 2659; x_wconf 86' lang='lat' dir='ltr'><strong>multipliciter</strong></span> 
     </span>
     <span class='ocr_line' id='line_1_20' title="bbox 679 2679 2945 2766; baseline -0.001 -21"><span class='ocrx_word' id='word_1_154' title='bbox 679 2682 1143 2766; x_wconf 89' lang='lat' dir='ltr'><strong>progignerent,</strong></span> <span class='ocrx_word' id='word_1_155' title='bbox 1211 2683 1404 2748; x_wconf 88' lang='lat' dir='ltr'><strong>latius</strong></span> <span class='ocrx_word' id='word_1_156' title='bbox 1475 2682 1771 2749; x_wconf 79' lang='lat' dir='ltr'><strong>dicendae</strong></span> <span class='ocrx_word' id='word_1_157' title='bbox 1844 2701 2065 2747; x_wconf 85' lang='lat' dir='ltr'><strong>causae</strong></span> <span class='ocrx_word' id='word_1_158' title='bbox 2135 2679 2512 2764; x_wconf 76' lang='lat' dir='ltr'><strong>praescripsi</strong></span> <span class='ocrx_word' id='word_1_159' title='bbox 2586 2698 2945 2753; x_wconf 86' lang='lat' dir='ltr'><strong>numerum,</strong></span> 
     </span>
     <span class='ocr_line' id='line_1_21' title="bbox 679 2781 3001 2869; baseline -0.003 -19"><span class='ocrx_word' id='word_1_160' title='bbox 679 2786 936 2851; x_wconf 87' lang='lat' dir='ltr'><strong>modum</strong></span> <span class='ocrx_word' id='word_1_161' title='bbox 980 2787 1192 2869; x_wconf 88' lang='lat' dir='ltr'><strong>statui,</strong></span> <span class='ocrx_word' id='word_1_162' title='bbox 1239 2785 1512 2852; x_wconf 90' lang='lat' dir='ltr'><strong>limitem</strong></span> <span class='ocrx_word' id='word_1_163' title='bbox 1554 2786 1683 2867; x_wconf 81' lang='lat' dir='ltr'><strong>fixi,</strong></span> <span class='ocrx_word' id='word_1_164' title='bbox 1726 2806 1804 2853; x_wconf 92' lang='lat' dir='ltr'><strong>ne</strong></span> <span class='ocrx_word' id='word_1_165' title='bbox 1848 2789 1954 2852; x_wconf 89' lang='lat' dir='ltr'><strong>uel</strong></span> <span class='ocrx_word' id='word_1_166' title='bbox 1999 2785 2067 2850; x_wconf 92' lang='lat' dir='ltr'><strong>in</strong></span> <span class='ocrx_word' id='word_1_167' title='bbox 2112 2786 2309 2850; x_wconf 86' lang='lat' dir='ltr'><strong>aciem</strong></span> <span class='ocrx_word' id='word_1_168' title='bbox 2355 2785 2565 2867; x_wconf 89' lang='lat' dir='ltr'><strong>plures</strong></span> <span class='ocrx_word' id='word_1_169' title='bbox 2596 2781 3001 2849; x_wconf 64' lang='lat' dir='ltr'><strong>necessarior·</strong></span> 
     </span>
    </p>
   </div>
   <div class='ocr_carea' id='block_1_5' title="bbox 678 2887 2946 3057">
    <p class='ocr_par' dir='ltr' id='par_1_5' title="bbox 678 2887 2946 3057">
     <span class='ocr_line' id='line_1_22' title="bbox 678 2887 2946 2971; baseline -0.002 -18"><span class='ocrx_word' id='word_1_170' title='bbox 678 2889 1017 2971; x_wconf 88' lang='lat' dir='ltr'><strong>proferrem</strong></span> <span class='ocrx_word' id='word_1_171' title='bbox 1083 2890 1188 2955; x_wconf 91' lang='lat' dir='ltr'><strong>uel</strong></span> <span class='ocrx_word' id='word_1_172' title='bbox 1255 2889 1490 2956; x_wconf 89' lang='lat' dir='ltr'><strong>diutius</strong></span> <span class='ocrx_word' id='word_1_173' title='bbox 1535 2895 1683 2956; x_wconf 78' lang='lat' dir='ltr'><strong>rato</strong></span> <span class='ocrx_word' id='word_1_174' title='bbox 1742 2894 2041 2955; x_wconf 86' lang='lat' dir='ltr'><strong>certarem</strong></span> <span class='ocrx_word' id='word_1_175' title='bbox 2108 2888 2215 2954; x_wconf 88' lang='lat' dir='ltr'><strong>uel</strong></span> <span class='ocrx_word' id='word_1_176' title='bbox 2269 2887 2519 2971; x_wconf 84' lang='lat' dir='ltr'><strong>longius</strong></span> <span class='ocrx_word' id='word_1_177' title='bbox 2578 2887 2747 2951; x_wconf 85' lang='lat' dir='ltr'><strong>iusto</strong></span> <span class='ocrx_word' id='word_1_178' title='bbox 2806 2902 2946 2969; x_wconf 88' lang='lat' dir='ltr'><strong>pro-</strong></span> 
     </span>
     <span class='ocr_line' id='line_1_23' title="bbox 683 2990 987 3057; baseline 0.007 -2"><span class='ocrx_word' id='word_1_179' title='bbox 683 2990 987 3057; x_wconf 89' lang='lat' dir='ltr'><strong>cederem.</strong></span> 
     </span>
    </p>
   </div>
   <div class='ocr_carea' id='block_1_6' title="bbox 784 3278 2821 3350">
    <p class='ocr_par' dir='ltr' id='par_1_6' title="bbox 784 3278 2821 3350">
     <span class='ocr_line' id='line_1_24' title="bbox 784 3278 2821 3350; baseline -0.001 -15"><span class='ocrx_word' id='word_1_180' title='bbox 784 3281 822 3335; x_wconf 87' lang='lat'>4</span> <span class='ocrx_word' id='word_1_181' title='bbox 855 3282 953 3350; x_wconf 82' lang='lat' dir='ltr'><strong>ait]</strong></span> <span class='ocrx_word' id='word_1_182' title='bbox 991 3284 1086 3335; x_wconf 85' lang='lat' dir='ltr'><strong>aut</strong></span> <span class='ocrx_word' id='word_1_183' title='bbox 1121 3282 1342 3348; x_wconf 61' lang='lat' dir='ltr'><strong><em>BER,</em></strong></span> <span class='ocrx_word' id='word_1_184' title='bbox 1392 3284 1458 3336; x_wconf 84' lang='lat' dir='ltr'><strong>ut</strong></span> <span class='ocrx_word' id='word_1_185' title='bbox 1491 3284 1546 3336; x_wconf 82' lang='lat' dir='ltr'><strong><em>A</em></strong></span> <span class='ocrx_word' id='word_1_186' title='bbox 1720 3282 1977 3337; x_wconf 82' lang='lat' dir='ltr'><strong>aduersus</strong></span> <span class='ocrx_word' id='word_1_187' title='bbox 2013 3282 2141 3337; x_wconf 70' lang='lat' dir='ltr'><strong>libri</strong></span> <span class='ocrx_word' id='word_1_188' title='bbox 2159 3286 2385 3350; x_wconf 77' lang='lat' dir='ltr'><strong>praeter</strong></span> <span class='ocrx_word' id='word_1_189' title='bbox 2418 3278 2595 3335; x_wconf 77' lang='lat' dir='ltr'><strong>GGM</strong></span> <span class='ocrx_word' id='word_1_190' title='bbox 2611 3282 2666 3332; x_wconf 83' lang='lat' dir='ltr'><strong>et</strong></span> <span class='ocrx_word' id='word_1_191' title='bbox 2691 3278 2821 3333; x_wconf 72' lang='lat' dir='ltr'><strong>Sch-</strong></span> 
     </span>
    </p>
   </div>
   <div class='ocr_carea' id='block_1_7' title="bbox 683 3362 2953 3609">
    <p class='ocr_par' dir='ltr' id='par_1_7' title="bbox 683 3362 2953 3609">
     <span class='ocr_line' id='line_1_25' title="bbox 683 3362 2951 3437; baseline -0.002 -16"><span class='ocrx_word' id='word_1_192' title='bbox 683 3366 718 3421; x_wconf 88' lang='grc'>6</span> <span class='ocrx_word' id='word_1_193' title='bbox 771 3368 1054 3437; x_wconf 87' lang='lat' dir='ltr'><strong>negotium</strong></span> <span class='ocrx_word' id='word_1_194' title='bbox 1103 3367 1162 3423; x_wconf 79' lang='lat' dir='ltr'><em>R</em></span> <span class='ocrx_word' id='word_1_195' title='bbox 1392 3368 1667 3422; x_wconf 83' lang='lat' dir='ltr'><strong>dextruere</strong></span> <span class='ocrx_word' id='word_1_196' title='bbox 1718 3370 1818 3435; x_wconf 84' lang='lat' dir='ltr'><strong>M,</strong></span> <span class='ocrx_word' id='word_1_197' title='bbox 1875 3367 2089 3422; x_wconf 88' lang='lat' dir='ltr'><strong>destrue</strong></span> <span class='ocrx_word' id='word_1_198' title='bbox 2144 3367 2203 3423; x_wconf 83' lang='lat' dir='ltr'><em>R</em></span> <span class='ocrx_word' id='word_1_199' title='bbox 2356 3410 2361 3415; x_wconf 95' lang='lat'><strong>.</strong></span> <span class='ocrx_word' id='word_1_200' title='bbox 2443 3366 2475 3419; x_wconf 80' lang='lat'><strong>7</strong></span> <span class='ocrx_word' id='word_1_201' title='bbox 2528 3380 2777 3434; x_wconf 81' lang='lat' dir='ltr'><strong>spaeram</strong></span> <span class='ocrx_word' id='word_1_202' title='bbox 2835 3362 2951 3425; x_wconf 80' lang='lat' dir='ltr'><strong>AG,</strong></span> 
     </span>
     <span class='ocr_line' id='line_1_26' title="bbox 684 3450 2953 3523; baseline -0.003 -15"><span class='ocrx_word' id='word_1_203' title='bbox 684 3470 892 3523; x_wconf 83' lang='lat' dir='ltr'><strong>speram</strong></span> <span class='ocrx_word' id='word_1_204' title='bbox 931 3453 1208 3510; x_wconf 72' lang='lat' dir='ltr'><strong><em>GHLRS</em></strong></span> <span class='ocrx_word' id='word_1_205' title='bbox 1410 3455 1445 3507; x_wconf 90' lang='grc'>8</span> <span class='ocrx_word' id='word_1_206' title='bbox 1487 3458 1785 3523; x_wconf 85' lang='lat' dir='ltr'><strong>negauerat</strong></span> <span class='ocrx_word' id='word_1_207' title='bbox 1829 3454 1886 3507; x_wconf 87' lang='lat' dir='ltr'><em>B</em></span> <span class='ocrx_word' id='word_1_208' title='bbox 2092 3453 2125 3508; x_wconf 87' lang='lat'>9</span> <span class='ocrx_word' id='word_1_209' title='bbox 2166 3452 2353 3507; x_wconf 77' lang='lat' dir='ltr'><strong>uerbis</strong></span> <span class='ocrx_word' id='word_1_210' title='bbox 2388 3450 2733 3505; x_wconf 83' lang='lat' dir='ltr'><strong>sermocinati</strong></span> <span class='ocrx_word' id='word_1_211' title='bbox 2772 3464 2953 3503; x_wconf 85' lang='lat' dir='ltr'><strong>sumus</strong></span> 
     </span>
     <span class='ocr_line' id='line_1_27' title="bbox 685 3536 2953 3609; baseline -0.003 -16"><span class='ocrx_word' id='word_1_212' title='bbox 685 3539 892 3594; x_wconf 69' lang='lat' dir='ltr'><strong>desimt</strong></span> <span class='ocrx_word' id='word_1_213' title='bbox 935 3538 1107 3594; x_wconf 72' lang='lat' dir='ltr'><strong>codex</strong></span> <span class='ocrx_word' id='word_1_214' title='bbox 1151 3539 1210 3595; x_wconf 79' lang='lat' dir='ltr'><em>R</em></span> <span class='ocrx_word' id='word_1_215' title='bbox 1414 3540 1482 3595; x_wconf 89' lang='lat'><strong>15</strong></span> <span class='ocrx_word' id='word_1_216' title='bbox 1525 3541 1789 3594; x_wconf 82' lang='lat' dir='ltr'><strong>alterutro</strong></span> <span class='ocrx_word' id='word_1_217' title='bbox 1816 3544 1903 3609; x_wconf 54' lang='grc' dir='ltr'><strong>ΡΞ,</strong></span> <span class='ocrx_word' id='word_1_218' title='bbox 1961 3538 2202 3605; x_wconf 62' lang='lat' dir='ltr'><strong>fortasse</strong></span> <span class='ocrx_word' id='word_1_219' title='bbox 2236 3540 2525 3606; x_wconf 84' lang='lat' dir='ltr'><strong>utrumque</strong></span> <span class='ocrx_word' id='word_1_220' title='bbox 2556 3538 2624 3591; x_wconf 72' lang='lat' dir='ltr'><strong>in</strong></span> <span class='ocrx_word' id='word_1_221' title='bbox 2658 3536 2765 3592; x_wconf 73' lang='lat' dir='ltr'><strong>lin.</strong></span> <span class='ocrx_word' id='word_1_222' title='bbox 2804 3540 2953 3589; x_wconf 75' lang='lat' dir='ltr'><strong>ante-</strong></span> 
     </span>
    </p>
   </div>
   <div class='ocr_carea' id='block_1_8' title="bbox 683 3620 2958 4125">
    <p class='ocr_par' dir='ltr' id='par_1_8' title="bbox 683 3620 2958 4125">
     <span class='ocr_line' id='line_1_28' title="bbox 685 3620 2952 3695; baseline -0.002 -17"><span class='ocrx_word' id='word_1_223' title='bbox 685 3624 912 3679; x_wconf 78' lang='lat' dir='ltr'><strong>cedente</strong></span> <span class='ocrx_word' id='word_1_224' title='bbox 947 3624 1300 3680; x_wconf 75' lang='lat' dir='ltr'><strong>scribendwm</strong></span> <span class='ocrx_word' id='word_1_225' title='bbox 1505 3626 1564 3679; x_wconf 89' lang='lat' dir='ltr'><strong>in</strong></span> <span class='ocrx_word' id='word_1_226' title='bbox 1600 3632 1731 3679; x_wconf 73' lang='lat' dir='ltr'><strong>ante</strong></span> <span class='ocrx_word' id='word_1_227' title='bbox 1764 3628 1995 3695; x_wconf 87' lang='lat' dir='ltr'><strong>utraque</strong></span> <span class='ocrx_word' id='word_1_228' title='bbox 2027 3624 2158 3679; x_wconf 79' lang='lat' dir='ltr'><strong>add.</strong></span> <span class='ocrx_word' id='word_1_229' title='bbox 2203 3624 2316 3679; x_wconf 88' lang='lat' dir='ltr'><strong>Mb</strong></span> <span class='ocrx_word' id='word_1_230' title='bbox 2526 3624 2591 3678; x_wconf 88' lang='lat'><strong>16</strong></span> <span class='ocrx_word' id='word_1_231' title='bbox 2640 3620 2952 3692; x_wconf 78' lang='lat' dir='ltr'><strong>praepedito</strong></span> 
     </span>
     <span class='ocr_line' id='line_1_29' title="bbox 686 3708 2953 3781; baseline -0.001 -16"><span class='ocrx_word' id='word_1_232' title='bbox 686 3710 742 3775; x_wconf 81' lang='lat' dir='ltr'><strong>b,</strong></span> <span class='ocrx_word' id='word_1_233' title='bbox 802 3708 1014 3779; x_wconf 86' lang='lat' dir='ltr'><strong>predito</strong></span> <span class='ocrx_word' id='word_1_234' title='bbox 1065 3710 1165 3776; x_wconf 87' lang='lat' dir='ltr'><strong>M,</strong></span> <span class='ocrx_word' id='word_1_235' title='bbox 1222 3711 1458 3780; x_wconf 88' lang='lat' dir='ltr'><strong>praediti</strong></span> <span class='ocrx_word' id='word_1_236' title='bbox 1515 3712 1585 3778; x_wconf 73' lang='lat' dir='ltr'><strong>G,</strong></span> <span class='ocrx_word' id='word_1_237' title='bbox 1644 3712 1875 3781; x_wconf 89' lang='lat' dir='ltr'><strong>praedici</strong></span> <span class='ocrx_word' id='word_1_238' title='bbox 1941 3712 2009 3777; x_wconf 78' lang='lat' dir='ltr'><strong>G,</strong></span> <span class='ocrx_word' id='word_1_239' title='bbox 2068 3711 2329 3781; x_wconf 84' lang='lat' dir='ltr'><strong>praedicti</strong></span> <span class='ocrx_word' id='word_1_240' title='bbox 2380 3709 2605 3765; x_wconf 72' lang='lat' dir='ltr'><strong><em>ABHS</em></strong></span> <span class='ocrx_word' id='word_1_241' title='bbox 2646 3709 2723 3779; x_wconf 81' lang='lat' dir='ltr'><strong>(L</strong></span> <span class='ocrx_word' id='word_1_242' title='bbox 2772 3709 2953 3771; x_wconf 77' lang='lat' dir='ltr'><strong>deest),</strong></span> 
     </span>
     <span class='ocr_line' id='line_1_30' title="bbox 683 3792 2952 3866; baseline -0.002 -15"><span class='ocrx_word' id='word_1_243' title='bbox 683 3796 958 3866; x_wconf 84' lang='lat' dir='ltr'><strong>praedicto</strong></span> <span class='ocrx_word' id='word_1_244' title='bbox 1005 3796 1195 3862; x_wconf 72' lang='grc' dir='ltr'><strong><em>ΒΕΓ,</em></strong></span> <span class='ocrx_word' id='word_1_245' title='bbox 1264 3796 1522 3866; x_wconf 81' lang='lat' dir='ltr'><strong>praedicti</strong></span> <span class='ocrx_word' id='word_1_246' title='bbox 1569 3797 1773 3853; x_wconf 85' lang='lat' dir='ltr'><strong>laboris</strong></span> <span class='ocrx_word' id='word_1_247' title='bbox 1823 3798 1944 3853; x_wconf 80' lang='lat' dir='ltr'><strong>Sch.</strong></span> <span class='ocrx_word' id='word_1_248' title='bbox 1982 3815 2011 3852; x_wconf 86' lang='lat' dir='ltr'><strong>e</strong></span> <span class='ocrx_word' id='word_1_249' title='bbox 2044 3798 2160 3853; x_wconf 82' lang='lat' dir='ltr'><strong>cod.</strong></span> <span class='ocrx_word' id='word_1_250' title='bbox 2202 3798 2278 3852; x_wconf 82' lang='lat' dir='ltr'><strong>T·</strong></span> <span class='ocrx_word' id='word_1_251' title='bbox 2458 3796 2521 3850; x_wconf 81' lang='lat'><strong>17</strong></span> <span class='ocrx_word' id='word_1_252' title='bbox 2575 3794 2716 3848; x_wconf 91' lang='lat' dir='ltr'><strong>unde</strong></span> <span class='ocrx_word' id='word_1_253' title='bbox 2786 3792 2952 3858; x_wconf 79' lang='lat' dir='ltr'><strong><em>GFG,</em></strong></span> 
     </span>
     <span class='ocr_line' id='line_1_31' title="bbox 686 3879 2955 3953; baseline -0.002 -16"><span class='ocrx_word' id='word_1_254' title='bbox 686 3883 998 3937; x_wconf 86' lang='lat' dir='ltr'><strong>undecunde</strong></span> <span class='ocrx_word' id='word_1_255' title='bbox 1027 3886 1094 3951; x_wconf 77' lang='lat'><strong>1⁰²</strong></span> <span class='ocrx_word' id='word_1_256' title='bbox 1301 3885 1367 3938; x_wconf 87' lang='grc'><strong>18</strong></span> <span class='ocrx_word' id='word_1_257' title='bbox 1399 3884 1681 3953; x_wconf 88' lang='lat' dir='ltr'><strong>proderint</strong></span> <span class='ocrx_word' id='word_1_258' title='bbox 1714 3884 2042 3949; x_wconf 78' lang='lat' dir='ltr'><strong><em>ABODH¹‚</em></strong></span> <span class='ocrx_word' id='word_1_259' title='bbox 2099 3882 2441 3953; x_wconf 82' lang='lat' dir='ltr'><strong>prodiderint</strong></span> <span class='ocrx_word' id='word_1_260' title='bbox 2473 3880 2585 3935; x_wconf 77' lang='lat' dir='ltr'><strong>Mb</strong></span> <span class='ocrx_word' id='word_1_261' title='bbox 2800 3879 2955 3933; x_wconf 82' lang='lat' dir='ltr'><strong>alius-</strong></span> 
     </span>
     <span class='ocr_line' id='line_1_32' title="bbox 687 3965 2956 4040; baseline -0.003 -17"><span class='ocrx_word' id='word_1_262' title='bbox 687 3984 790 4039; x_wconf 81' lang='lat' dir='ltr'><strong>que</strong></span> <span class='ocrx_word' id='word_1_263' title='bbox 833 3968 1136 4039; x_wconf 75' lang='lat' dir='ltr'><strong><em>ABHLS,</em></strong></span> <span class='ocrx_word' id='word_1_264' title='bbox 1197 3969 1438 4039; x_wconf 72' lang='lat' dir='ltr'><strong>aliosque</strong></span> <span class='ocrx_word' id='word_1_265' title='bbox 1481 3970 1673 4037; x_wconf 68' lang='grc' dir='ltr'><strong><em>ΒΕΓ,</em></strong></span> <span class='ocrx_word' id='word_1_266' title='bbox 1732 3970 1943 4040; x_wconf 83' lang='lat' dir='ltr'><strong>aliaque</strong></span> <span class='ocrx_word' id='word_1_267' title='bbox 1995 3968 2048 4025; x_wconf 86' lang='lat' dir='ltr'><strong>G·</strong></span> <span class='ocrx_word' id='word_1_268' title='bbox 2254 3967 2585 4036; x_wconf 89' lang='lat' dir='ltr'><strong>multiplicer</strong></span> <span class='ocrx_word' id='word_1_269' title='bbox 2619 3966 2704 4034; x_wconf 86' lang='grc' dir='ltr'><strong>Β,</strong></span> <span class='ocrx_word' id='word_1_270' title='bbox 2766 3965 2956 4019; x_wconf 85' lang='lat' dir='ltr'><strong>multi-</strong></span> 
     </span>
     <span class='ocr_line' id='line_1_33' title="bbox 687 4042 2958 4125; baseline -0.002 -16"><span class='ocrx_word' id='word_1_271' title='bbox 687 4054 853 4124; x_wconf 85' lang='lat' dir='ltr'><strong>plices</strong></span> <span class='ocrx_word' id='word_1_272' title='bbox 885 4055 1068 4110; x_wconf 80' lang='lat' dir='ltr'><strong>DEF</strong></span> <span class='ocrx_word' id='word_1_273' title='bbox 1265 4042 1505 4125; x_wconf 80' lang='lat' dir='ltr'><strong>aliasque</strong></span> <span class='ocrx_word' id='word_1_274' title='bbox 1541 4056 1925 4125; x_wconf 86' lang='lat' dir='ltr'><strong>multipliciter</strong></span> <span class='ocrx_word' id='word_1_275' title='bbox 1957 4055 2279 4124; x_wconf 70' lang='lat' dir='ltr'><strong>pgignerint</strong></span> <span class='ocrx_word' id='word_1_276' title='bbox 2314 4070 2415 4109; x_wconf 88' lang='lat' dir='ltr'><strong>om.</strong></span> <span class='ocrx_word' id='word_1_277' title='bbox 2454 4052 2561 4119; x_wconf 69' lang='grc' dir='ltr'><strong>Μ’,</strong></span> <span class='ocrx_word' id='word_1_278' title='bbox 2596 4050 2731 4110; x_wconf 71' lang='lat' dir='ltr'><strong>aad.</strong></span> <span class='ocrx_word' id='word_1_279' title='bbox 2769 4052 2867 4105; x_wconf 54' lang='lat' dir='ltr'><strong>M*</strong></span> <span class='ocrx_word' id='word_1_280' title='bbox 2898 4052 2958 4104; x_wconf 74' lang='lat' dir='ltr'><strong>in</strong></span> 
     </span>
    </p>
   </div>
   <div class='ocr_carea' id='block_1_9' title="bbox 689 4146 2957 4333">
    <p class='ocr_par' dir='ltr' id='par_1_9' title="bbox 689 4146 2957 4333">
     <span class='ocr_line' id='line_1_34' title="bbox 689 4146 2957 4249; baseline -0.002 -18"><span class='ocrx_word' id='word_1_281' title='bbox 689 4194 859 4249; x_wconf 66' lang='lat' dir='ltr'><strong>marg.</strong></span> <span class='ocrx_word' id='word_1_282' title='bbox 1069 4178 1133 4233; x_wconf 88' lang='grc'><strong>19</strong></span> <span class='ocrx_word' id='word_1_283' title='bbox 1177 4146 1582 4249; x_wconf 50' lang='grc' dir='ltr'><strong>Ῑ)ι·οςε3ηιιθι·ίῐιί;ἱ</strong></span> <span class='ocrx_word' id='word_1_284' title='bbox 1605 4178 1636 4232; x_wconf 89' lang='lat' dir='ltr'><strong><em>b</em></strong></span> <span class='ocrx_word' id='word_1_285' title='bbox 1842 4177 2125 4232; x_wconf 77' lang='lat' dir='ltr'><strong>discendae</strong></span> <span class='ocrx_word' id='word_1_286' title='bbox 2172 4176 2284 4231; x_wconf 88' lang='lat' dir='ltr'><strong>Mb</strong></span> <span class='ocrx_word' id='word_1_287' title='bbox 2490 4175 2556 4229; x_wconf 83' lang='lat'><strong>21</strong></span> <span class='ocrx_word' id='word_1_288' title='bbox 2612 4146 2851 4229; x_wconf 56' lang='lat' dir='ltr'><strong>oertigre</strong></span> <span class='ocrx_word' id='word_1_289' title='bbox 2905 4170 2957 4236; x_wconf 81' lang='lat' dir='ltr'><strong>S,</strong></span> 
     </span>
     <span class='ocr_line' id='line_1_35' title="bbox 689 4262 1754 4333; baseline -0.001 -15"><span class='ocrx_word' id='word_1_290' title='bbox 689 4264 967 4319; x_wconf 87' lang='lat' dir='ltr'><strong>certiorem</strong></span> <span class='ocrx_word' id='word_1_291' title='bbox 1002 4264 1056 4319; x_wconf 89' lang='lat' dir='ltr'><strong><em>L</em></strong></span> <span class='ocrx_word' id='word_1_292' title='bbox 1262 4264 1663 4333; x_wconf 85' lang='lat' dir='ltr'><strong>procederemus</strong></span> <span class='ocrx_word' id='word_1_293' title='bbox 1699 4262 1754 4317; x_wconf 89' lang='lat' dir='ltr'><strong><em>L</em></strong></span> 
     </span>
    </p>
   </div>
   <div class='ocr_carea' id='block_1_10' title="bbox 3101 169 3106 692">
    <p class='ocr_par' dir='ltr' id='par_1_10' title="bbox 3101 169 3106 692">
     <span class='ocr_line' id='line_1_36' title="bbox 3101 169 3106 692; baseline 0 0"><span class='ocrx_word' id='word_1_294' title='bbox 3101 169 3106 692; x_wconf 95' lang='lat' dir='ltr'><strong> </strong></span> 
     </span>
    </p>
   </div>
   <div class='ocr_carea' id='block_1_11' title="bbox 3094 1989 3113 4739">
    <p class='ocr_par' dir='ltr' id='par_1_11' title="bbox 3094 1989 3113 4739">
     <span class='ocr_line' id='line_1_37' title="bbox 3094 1989 3113 4739; baseline 0 0"><span class='ocrx_word' id='word_1_295' title='bbox 3094 1989 3113 4739; x_wconf 95' lang='lat' dir='ltr'><strong> </strong></span> 
     </span>
    </p>
   </div>
  </div>
 </body>
</html>
