3175 5050
993 437 1088 492 De
1123 439 1312 492 statu
1347 437 1617 494 animae
1662 437 1753 493 111
1790 437 1872 492 18.
2389 387 2397 399 ,
2445 437 2567 507 189

1294 624 1562 710 XVIII.

302 818 378 866 m
421 817 585 865 an
629 817 728 864 Hv
729 815 840 864 IVS
898 814 1088 863 LIBRI
1130 816 1399 866 VENIAM
1441 817 1488 864 A
1532 815 1663 865 SVO
1706 815 1908 866 PETIT
1963 814 2435 866 comlc'rolm
2478 816 2567 864 ET

437 919 649 968 INTER
690 918 1070 978 VTRVMQVE
1116 917 1486 967 CERTAMEN
1529 917 1742 967 11>va
1786 919 2075 968 DELIGIT
2118 917 2433 968 IVDICEM.

391 1057 480 1122 Te
545 1075 727 1135 nunc,
788 1055 1047 1140 quisque
1119 1055 1231 1120 ille
1281 1075 1344 1120 es
1401 1055 1699 1120 aduersus
1768 1055 1948 1121 cuius
2008 1055 2253 1139 ,scripta
2322 1057 2570 1122 nosmet

265 1189 290 1229 ο
305 1159 536 1228 iniuria
583 1161 956 1242 scriptorum
1001 1159 1254 1224 tuorum
1298 1157 1505 1223 dicere
1549 1159 1849 1241 conpulit,
1898 1176 2003 1224 oro
2050 1176 2401 1242 quaesoque
2446 1177 2568 1224 non

307 1262 680 1329 obirascaris
725 1263 906 1342 mihi,
951 1280 1150 1345 neque
1194 1261 1361 1326 enim
1405 1262 1757 1327 conuicium
1801 1261 2021 1327 rettuli
2065 1280 2265 1354 neque
2316 1263 2568 1347 rependi

307 1366 732 1432 maledictum.
805 1366 1003 1431 solam
1078 1364 1199 1430 tibi
1266 1383 1377 1446 pro
1444 1363 1725 1430 falsitate
1791 1364 2131 1432 ueritatem
2197 1365 2367 1432 haud
2432 1363 2569 1447 pari

302 1469 734 1536 uicissitudine
787 1468 1219 1551 reponderaui,
1281 1469 1410 1533 illis
1471 1487 1583 1552 ego
1630 1487 1807 1552 quae,
1849 1488 1975 1553 quo
2020 1469 2225 1552 magis
2270 1471 2401 1552 tua,
2448 1468 2570 1534 tibi

307 1574 510 1656 magis
569 1574 754 1640 noxia
807 1576 956 1668 sunt
1013 1571 1408 1638 aduersarius
1452 1590 1596 1637 sum
1652 1591 1879 1655 eroque
1932 1575 2121 1655 atque
2178 1572 2276 1638 uti
2333 1573 2569 1640 eisdem

240 1707 292 1747 ιο
306 1677 438 1759 ipse
481 1695 722 1759 quoque
767 1677 1094 1742 aduersere
1138 1693 1326 1741 causa
1369 1675 1466 1740 tui
1507 1677 1761 1742 suadeo.
1829 1695 2035 1760 panca
2078 1676 2233 1742 haec
2261 1678 2326 1742 et
2359 1675 2567 1756 exilis,

309 1785 499 1860 prout
564 1784 809 1847 arctum
874 1778 1175 1863 temporis
1243 1779 1414 1856 sinit,
1472 1798 1768 1864 responsa
1838 1777 2150 1860 redhibui,
2219 1783 2292 1844 tu
2357 1785 2568 1844 tecum

308 1883 644 1966 utrumque
689 1887 953 1967 pensato
998 1886 1061 1948 et
1104 1883 1268 1948 inter
1315 1902 1416 1947 me
1457 1882 1646 1966 teque
1688 1901 2023 1966 personam
2066 1882 2290 1949 iudicis
2334 1883 2566 1949 sumito

309 1987 722 2069 adhibetoque
780 1987 1062 2052 iustitiae
1119 1986 1367 2053 libram.
1444 1987 1499 2052 si
1544 1987 1693 2052 lanx
1743 1991 1959 2053 nostra.
2014 1987 2265 2071 pronior
2309 1989 2374 2051 et
2418 2002 2569 2050 uero

307 2089 580 2172 grauior,
629 2108 754 2156 non
782 2090 996 2176 pigeat
1038 2110 1236 2174 neque
1279 2093 1512 2174 pudeat
1542 2111 1579 2156 a
1608 2091 1955 2174 transfugio
2001 2089 2316 2173 refugium
2360 2089 2565 2155 facere

240 2219 292 2259 15
309 2195 373 2257 et
417 2213 454 2258 a
497 2192 781 2260 falsitate
835 2194 951 2259 sub
1008 2195 1277 2259 ueritate
1336 2193 1569 2260 cedere.
1646 2195 1761 2270 sin,
1817 2193 1981 2276 quod
2029 2211 2141 2277 ego
2198 2191 2393 2258 nolim
2448 2208 2565 2256 nec
2668 2217 2678 2228 ·

309 2296 470 2360 faxis
513 2315 811 2379 persuasu
849 2299 1034 2374 istuc,
1081 2296 1369 2384 uti<que>
1399 2297 1741 2364 obstinatio
1772 2298 1885 2373 est,
1921 2297 2085 2362 edito
2115 2313 2225 2378 pro
2254 2296 2565 2360 sententia

304 2401 417 2462 tua
485 2401 724 2483 aliquid
797 2400 1134 2484 publicitus
1206 2401 1621 2467 lectitandum
1695 2419 1891 2482 neque
1964 2417 2191 2464 nomen
2259 2399 2565 2466 occulito:

411 2638 446 2691 2
500 2654 533 2692 a
584 2638 1102 2709 suo—conflictore]
1158 2638 1645 2693 suo—conflictori
1698 2640 1775 2693 M
2012 2640 2047 2693 4
2101 2640 2345 2710 quisquis
2394 2656 2433 2709 p

309 2727 513 2796 scripta
547 2742 648 2782 om.
687 2726 742 2781 L
945 2727 980 2782 5
1013 2728 1216 2781 inim-iii
1253 2726 1377 2793 LS,
1434 2726 1639 2782 inim-isv
1673 2726 1787 2781 Mb
1992 2726 2254 2796 compluit
2289 2727 2375 2793 Β,
2432 2741 2571 2779 com-

309 2812 380 2866 lit
413 2815 470 2867 A
659 2814 693 2867 6
727 2810 929 2868 redtuli
961 2814 1105 2879 BH,
1168 2813 1362 2868 rectuli
1395 2815 1451 2867 A
1464 2851 1482 2880 ‚
1539 2813 1705 2868 retuli
1740 2812 1859 2867 rell.
1896 2817 1949 2867 et
1985 2813 2219 2869 editores
2408 2813 2440 2866 7
2477 2813 2573 2867 aut

307 2898 620 2964 ABGGH,
674 2898 810 2953 haut
856 2899 904 2954 S
1101 2915 1202 2969 par
1239 2915 1286 2968 p
1490 2898 1524 2953 8
1572 2914 1673 2966 ego
1708 2898 1859 2967 quae]
1898 2914 2024 2968 ergo
2059 2914 2195 2967 quae
2229 2899 2311 2963 B,
2371 2912 2573 2968 egoque

307 2984 340 3039 b
547 3000 684 3053 quae
737 3001 838 3040 om.
895 2984 1018 3040 Βοὴ.
1224 3000 1329 3054 quo
1383 3000 1482 3039 om.
1531 2987 1599 3053 1⁰²
1802 2987 1901 3039 tus
1951 2984 2060 3038 tibi
2111 2985 2176 3038 in
2219 3000 2333 3041 ras.
2384 2983 2437 3037 B

308 3070 342 3124 9
391 3071 626 3126 alterum
669 3071 848 3140 magis
894 3087 995 3125 om.
1037 3072 1090 3127 G
1125 3076 1180 3126 et
1204 3087 1251 3140 p
1458 3069 1697 3124 eiusdem
1752 3070 1859 3125 BG
2062 3070 2128 3124 10
2181 3070 2466 3125 aduersare
2518 3072 2574 3125 A

308 3155 418 3210 Mb
622 3156 797 3211 causis
832 3157 944 3211 tuis
993 3156 1067 3211 M
1075 3157 1107 3212 b
1319 3157 1378 3210 11
1425 3157 1562 3211 sinit
1602 3156 1866 3213 Galland.
2076 3156 2141 3210 12
2187 3156 2443 3211 summito
2488 3157 2573 3223 M,

309 3241 572 3295 submitto
623 3242 656 3297 b
864 3242 932 3297 13
986 3242 1332 3311 adhibitoque
1387 3242 1516 3297 libr-i
1568 3247 1622 3297 et
1674 3244 1926 3308 editores,
1974 3257 2117 3297 corr.
2162 3244 2437 3299 Bwrthius

307 3325 572 3397 iustitiae]
611 3327 655 3381 si
696 3326 826 3383 add.
863 3329 918 3381 A
1157 3328 1286 3382 lanx
1321 3328 1419 3395 1⁴2²,
1480 3328 1638 3382 lancx
1681 3328 1749 3393 Ο,
1807 3329 1963 3382 lanxe
2004 3318 2072 3393 G,
2131 3328 2283 3383 lance
2313 3328 2431 3381 rell.

308 3402 405 3497 nr}
445 3429 499 3484 a
704 3431 772 3486 14
807 3430 1090 3501 repugium
1123 3431 1432 3497 ABGHL,
1493 3430 1775 3501 repudium
1815 3430 1939 3487 Βοὴ.
2147 3431 2215 3486 15
2263 3432 2349 3485 sin
2382 3431 2573 3499 DEF,

309 3516 423 3570 sint
473 3516 594 3573 rell.
801 3532 904 3586 quo
958 3518 1346 3574 ABGGH¹M
1543 3517 1745 3572 nullim
1798 3517 1855 3572 A
2067 3533 2133 3571 ne
2185 3517 2323 3572 faxis
2380 3518 2448 3583 G,
2508 3535 2573 3573 ne

309 3601 469 3656 factis
521 3603 614 3668 M,
675 3600 902 3657 nefastis
956 3603 988 3658 b
1196 3603 1261 3659 16
1315 3619 1409 3674 per
1462 3620 1623 3658 suasu
1672 3603 1818 3657 istuc
1870 3602 2059 3669 ΗΕΒ,
2120 3603 2259 3657 istuc
2313 3619 2571 3673 persuasu

312 3688 434 3743 Βοὴ.
473 3705 501 3742 e
535 3688 718 3743 codice
757 3689 818 3754 Τ,
878 3705 975 3759 pro
1015 3705 1172 3744 suasu
1207 3690 1351 3745 istuc
1385 3690 1576 3757 ABG,
1638 3705 1949 3759 persuasum
1988 3688 2131 3743 istuc
2163 3687 2349 3754 ΒΕΓ,
2402 3704 2439 3760 p
2475 3706 2573 3744 sua

311 3776 483 3828 euasti
537 3774 638 3828 hoc
697 3774 764 3841 G,
823 3790 861 3845 p
900 3778 1059 3829 suasu
1113 3775 1263 3829 istud
1317 3777 1415 3844 Μ,
1475 3775 1599 3831 istis
1649 3791 1961 3846 persuasum
2016 3776 2099 3828 est
2145 3773 2176 3828 b
2382 3776 2573 3844 utique

308 3861 535 3928 scripsi,
591 3860 674 3913 uti
711 3861 915 3915 libri-et
941 3860 1177 3916 editores
1373 3862 1538 3931 edito]
1563 3867 1622 3916 et
1644 3863 1728 3916 ita
1749 3863 1843 3928 M,
1892 3875 2029 3917 corr.
2056 3860 2149 3914 Μ’
2169 3861 2235 3915 in
2257 3876 2430 3931 marq.

309 3958 403 4013 pro
452 3947 723 4001 sententia
773 3950 872 3999 tua
917 3946 1124 4016 aliquid
1170 3948 1399 4016 scripsi,
1460 3964 1555 4016 pro
1602 3948 1872 4001 sententia
1919 3946 2266 4013 tuawGM,
2326 3963 2421 4015 pro
2459 3954 2573 4015 (pre

309 4030 388 4095 F)
425 4030 692 4084 sententis
738 4031 914 4100 liquid
952 4030 1181 4099 (aliquid
1216 4032 1302 4099 E)
1347 4031 1690 4097 GEFHLS,
1747 4033 1957 4101 psentia
2001 4031 2175 4100 liquid
2222 4033 2271 4085 A
2287 4069 2301 4095 ,
2362 4033 2572 4101 psentifi.

310 4115 487 4183 liquid
531 4116 610 4181 B,
671 4132 764 4185 pro
810 4132 896 4170 me
943 4118 1267 4171 sententiam
1315 4117 1520 4186 liquido
1566 4117 1688 4172 Βοὴ.
1899 4118 1962 4171 17
2015 4116 2338 4186 publistitus
2392 4117 2441 4172 S

309 4197 669 4254 lectitandum
696 4200 817 4256 Βοὴ.
1008 4201 1236 4255 occulito
1278 4201 1445 4257 GMb
1469 4203 1590 4257 Βοὴ.
1608 4242 1623 4269 ,
1680 4202 1852 4255 occuli
1887 4201 2069 4255 ΑΒΗ
2087 4202 2165 4269 (L
2188 4200 2375 4271 deest),
2428 4205 2567 4258 oculi

309 4284 381 4352 S,
435 4286 584 4339 ocule
617 4287 750 4354 DF,
805 4288 984 4342 occule
1019 4287 1101 4353 Ε,
1149 4288 1304 4343 oculo
1348 4288 1395 4343 G
1595 4287 1846 4357 occulito]
1882 4287 2317 4357 respondebimus
2352 4290 2485 4345 add.
2524 4292 2571 4355 b,

309 4388 416 4439 quo
451 4371 581 4427 add.
619 4373 924 4441 ABHLS,
982 4390 1102 4429 cum
1137 4372 1272 4433 aad.
1302 4374 1506 4442 DEF,
1562 4375 1814 4444 quoniam
1850 4390 1953 4443 quo
1989 4374 2120 4429 add.
2159 4374 2279 4430 Βοὴ.
