3175 5050
723 414 848 482 156
1483 413 1859 468 Claudiani
1894 414 2212 470 Mamerti

722 601 1171 670 difficillimum
1226 621 1494 686 namque
1555 607 1653 669 est
1711 605 2075 687 incorporea
2125 605 2558 690 contemplari,
2604 605 2755 688 quia
2794 604 2945 670 fallax

717 706 890 772 uisus
935 705 1352 789 corporalium
1382 723 1676 770 sensuum
1706 708 1800 772 ita
1828 708 2083 789 peccato
2116 708 2370 773 oculum
2397 707 2728 774 inbecillae
2756 710 2945 774 mentis

718 809 1000 889 obnubit,
1066 813 1158 888 ut,
1220 828 1362 874 cum
1420 827 1486 875 se
1545 809 1647 874 uel
1702 811 1889 876 deum
1958 811 2367 896 contemplari
2410 811 2570 891 uult,
2640 812 2946 894 imaginum

723 931 1156 997 corporearum
1199 913 1485 980 uelamen
1530 912 1696 994 quod
1740 913 1864 980 sibi
1909 914 2297 996 praetexitur
2342 914 2549 980 solum
2577 913 2811 995 uideat,
2840 933 2947 979 cum

721 1020 898 1082 trans
957 1015 1118 1082 illud
1170 1018 1382 1082 uidere
1425 1034 1551 1081 non
1595 1017 1814 1098 possit.
1894 1017 2176 1100 quisquis
2223 1035 2367 1102 ergo
2413 1018 2790 1084 difficultate
2828 1017 2986 1082 uisi-⁵

725 1122 860 1185 onis
907 1118 1090 1184 huius
1135 1119 1487 1198 offenditur,
1535 1120 1822 1184 studium
1868 1119 2055 1203 atque
2099 1137 2253 1203 opus
2297 1121 2591 1200 insumat,
2628 1138 2755 1185 non
2783 1120 2849 1185 ut
2873 1139 2944 1184 me

720 1223 1173 1288 calumniatum
1217 1224 1340 1306 eat,
1395 1222 1507 1288 sed
1551 1226 1623 1287 ut
1666 1223 1919 1308 purgari
1966 1224 2199 1289 ualeat.

803 1341 938 1408 Nec
994 1347 1210 1409 tamen
1269 1345 1517 1428 egomet
1574 1343 1668 1408 ita
1721 1363 1863 1410 sum
1907 1344 2142 1412 oblitus
2188 1346 2332 1423 mei,
2377 1347 2452 1411 ut
2492 1363 2617 1410 non
2666 1344 2945 1427 languoris

724 1465 912 1528 quam
975 1447 1270 1512 sanitatis
1331 1448 1603 1530 amplius
1660 1447 1869 1512 inesse
1929 1447 2087 1512 mihi
2141 1447 2430 1514 sentiam.
2503 1467 2733 1514 uerum
2777 1452 2946 1512 tamen

719 1549 880 1616 hanc
923 1567 1022 1614 me
1068 1551 1420 1633 opinionem
1466 1568 1593 1633 qua
1638 1568 1864 1632 corpus
1912 1551 2189 1616 creditur
2229 1551 2441 1616 anima
2469 1570 2613 1616 cum
2644 1551 2985 1634 puerilibusm

719 1653 900 1719 annis
937 1653 1210 1718 euasisse
1243 1653 1535 1736 delectat,
1583 1655 1733 1737 quia
1762 1658 1935 1734 tunc,
1972 1672 2117 1719 cum
2149 1654 2474 1738 opinabar,
2506 1654 2727 1738 utique
2756 1654 2947 1718 nescie-

718 1759 883 1826 bam.
959 1756 1200 1840 opinari
1244 1761 1454 1823 autem
1497 1757 1842 1842 ignorantis
1898 1761 2014 1837 est,
2075 1759 2433 1842 ignorantia
2477 1775 2626 1823 uero
2676 1745 2945 1822 contraria

718 1859 1041 1926 scientiae:
1089 1858 1288 1923 nescit
1331 1876 1475 1942 ergo
1511 1858 1792 1940 quisquis
1823 1858 2131 1940 opinatur.
2200 1858 2350 1922 hinc
2400 1857 2696 1940 equidem
2749 1856 2944 1921 factum
3052 1921 3054 1942 i

721 1963 834 2042 est,
893 1966 968 2026 ut
1024 1961 1356 2039 scientiam
1416 1979 1563 2042 prae
1625 1960 1912 2043 opinione
1960 1959 2461 2043 concupiscerem
2504 1963 2711 2026 sciens
2754 1959 2943 2026 nescire

719 2084 845 2147 me,
907 2065 1106 2146 quoad
1166 2081 1361 2146 usque
1420 2063 1735 2146 opinabar.
1811 2065 1883 2128 tu
1942 2065 2155 2129 autem
2208 2064 2381 2142 (11818,
2430 2081 2575 2128 cum
2620 2065 2701 2129 de
2745 2062 2985 2128 animaes

723 2167 1079 2234 substantia
1138 2185 1526 2251 quaeramu8‚
1587 2168 1750 2250 quod
1810 2186 1997 2250 supra
2054 2185 2168 2233 nos
2234 2171 2329 2233 est
2394 2168 2573 2232 nobis
2617 2166 2821 2232 uideri
2855 2181 2943 2228 non

720 2289 920 2353 posse,
987 2289 1132 2336 cum
1197 2288 1385 2353 supra
1426 2287 1537 2336 nos
1582 2271 1748 2352 ipsos
1792 2270 1914 2353 ipsi
1960 2289 2081 2335 non
2129 2270 2347 2349 simne,
2395 2273 2460 2335 et
2503 2269 2669 2334 item
2717 2269 2864 2353 quod
2895 2284 2942 2329 a·

719 2375 932 2460 gnosci
976 2393 1150 2460 posse
1187 2393 1378 2459 negas
1424 2374 1602 2457 quasi
1656 2374 1976 2456 cognitum
2007 2373 2245 2440 iudicas
2277 2375 2683 2457 animamque
2716 2370 2943 2454 corporis

721 2497 939 2563 corpus
997 2497 1131 2545 esse
1185 2477 1532 2545 confirmas,
1612 2478 1775 2563 quod
1834 2479 1890 2543 si
1948 2477 2152 2544 sciens
2213 2477 2394 2555 (11818,
2438 2477 2587 2560 quia
2632 2475 2796 2545 falsa
2834 2470 2943 2540 sciri

716 2584 1053 2664 nequeunt,
1085 2601 1304 2648 uerum
1351 2582 1506 2647 dicis
1538 2583 1620 2667 et,
1667 2582 1721 2645 si
1753 2583 1868 2649 hoc
1897 2601 2115 2648 uerum
2147 2582 2323 2665 dicis,
2356 2582 2603 2648 animae
2634 2576 2983 2647 substanti-w

717 2704 821 2749 am
863 2684 1035 2750 nosci
1089 2703 1213 2750 non
1243 2690 1446 2767 ‘posse
1489 2686 1793 2751 mentiris.
1872 2689 1983 2751 aut
2041 2686 2238 2769 igitur
2287 2684 2519 2751 falsum
2564 2686 2667 2749 est
2713 2684 2942 2751 animam

721 2806 940 2869 corpus
1000 2806 1130 2853 esse
1189 2792 1301 2854 aut
1345 2788 1577 2855 falsum
1623 2791 1717 2854 est
1762 2789 2009 2855 animae
2054 2789 2478 2855 substantiam
2524 2786 2815 2869 cognosci
2853 2799 2943 2848 non

718 2908 916 2973 posse.
990 2890 1166 2957 uides
1211 2910 1331 2975 quo
1375 2892 1678 2976 perducat
1720 2892 1927 2975 opinio
1972 2910 2263 2975 sequaces
2308 2890 2406 2957 sui
2428 2891 2462 2957 ‘t‘
2507 2910 2659 2956 nam
2691 2887 2941 2973 quoniam

817 3161 849 3214 1
887 3158 1374 3229 difficillimumque
1408 3161 1544 3226 Mb,
1602 3162 1986 3217 difficillimum
2022 3179 2229 3233 quoque
2264 3130 2562 3230 Bar-thius,
2617 3179 2807 3233 nempe
2838 3157 2940 3214 diffi-

716 3246 979 3301 cillimum
1009 3249 1077 3315 1²²
1298 3247 1333 3301 2
1368 3264 1494 3302 usus
1536 3248 1589 3303 G
1806 3250 1904 3319 ita]
1942 3266 1975 3303 a
2009 3249 2137 3304 add.
2173 3250 2207 3303 b
2426 3249 2753 3304 imbecillem
2786 3250 2839 3318 p'

713 3333 749 3387 3
794 3332 1076 3389 obnubilat
1120 3334 1215 3388 Μ’
1256 3334 1322 3389 in
1355 3350 1522 3405 nmo-9.
1557 3340 1612 3390 et
1645 3336 1677 3389 b
1883 3336 2007 3389 uult
2040 3337 2116 3391 M
2147 3333 2386 3391 editores
2400 3377 2413 3402 ‚
2473 3334 2625 3389 uolet
2663 3335 2797 3400 rell„
2827 3329 2939 3386 wude

713 3421 960 3476 conicias
981 3420 1108 3475 olim
1129 3421 1216 3476 hic
1237 3422 1356 3477 uolt
1377 3423 1645 3490 scriptum
1666 3422 1841 3489 fuisse
2020 3423 2059 3476 4
2090 3422 2335 3477 uelaman
2372 3422 2420 3477 8
2584 3437 2697 3491 que
2735 3420 2841 3476 Mb

712 3542 746 3595 6
779 3542 1042 3595 istudium
1079 3541 1218 3608 HL,
1271 3542 1573 3627 instudium
1615 3541 1663 3596 S
1833 3558 1940 3595 non
1975 3544 2041 3595 ut
2076 3544 2178 3613 me]
2212 3516 2285 3597 '1²1ss
2313 3559 2399 3598 me
2434 3542 2512 3595 M
2540 3544 2675 3610 (non
2709 3550 2935 3609 superror-

710 3661 861 3701 moen.
884 3649 1031 3713 rec),
1084 3645 1147 3697 nt
1171 3660 1236 3699 ne
1262 3613 1314 3699 b·
1463 3661 1550 3699 me
1574 3660 1677 3700 om.
1700 3644 2060 3713 ΑΒΒΕΕῚ)3
2086 3645 2207 3700 8811.
2383 3644 2415 3697 7
2442 3645 2755 3714 calumpnia
2774 3638 2937 3697 tumeat

712 3764 1000 3820 maimo
1167 3765 1204 3818 s
1224 3730 1334 3819 11ὀῖ
1357 3766 1414 3820 Β
1583 3766 1619 3819 9
1642 3766 1965 3821 sententiam
1990 3767 2048 3823 R
2231 3768 2299 3821 1o
2319 3768 2562 3821 creditur
2582 3782 2777 3835 eorpus
2799 3764 2841 3819 8

714 3850 782 3905 11
831 3851 962 3919 quia
996 3852 1126 3903 tunc
1158 3849 1421 3919 opinabar
1457 3850 1601 3919 qnod
1640 3850 1804 3919 (quod
1838 3867 1941 3906 om.
1976 3852 2271 3921 Bao-thius)
2305 3854 2495 3921 utique
2529 3852 2828 3906 nesciebam
2854 3848 2935 3914 (1100

711 3935 940 3990 sciebam
973 3936 1273 4001 Bao-thius)
1302 3952 1346 4005 p
1380 3936 1657 3991 Bar-thius
1847 3938 1913 3991 12
1947 3938 2269 4009 ignorantis]
2306 3938 2594 3993 nescientis
2632 3939 2709 3992 M
2712 3938 2769 4003 b,
2820 3936 2933 4002 igno·

709 4058 953 4112 rantissm
990 4058 1040 4113 8
1225 4056 1511 4127 contraria]
1549 4059 1635 4111 est
1668 4056 1798 4111 aaa.
1838 4056 1958 4114 seh.
2159 4059 2225 4113 13
2260 4032 2350 4115 11ίῖ
2386 4058 2432 4113 s
2494 4046 2503 4057 “
2624 4060 2695 4115 14
2728 4052 2933 4112 scientiae

709 4145 786 4201 M
790 4145 824 4200 b
1008 4146 1076 4200 16
1111 4159 1456 4214 quaeraemus
1492 4144 1572 4208 B,
1632 4145 1936 4212 quaerimus
1973 4143 2096 4201 sch.
2271 4144 2337 4200 17
2372 4144 2460 4209 1ᾷό
2494 4144 2550 4199 L
2722 4144 2787 4199 18
2816 4135 2933 4209 quasi

709 4249 848 4315 AB,
905 4248 1118 4317 quamsi
1162 4246 1250 4313 H,
1310 4238 1431 4317 (1(181
1478 4246 1605 4313 BF,
1653 4229 1837 4330 quasi}
1884 4244 1933 4301 S
2132 4248 2408 4317 cognitam
2455 4248 2512 4301 A
2723 4245 2789 4303 19
2832 4241 2929 4295 scire

707 4354 762 4405 A
965 4321 1046 4404 22'
1071 4350 1291 4419 agnosci
1325 4348 1428 4405 LS
1628 4348 1698 4403 23
1733 4348 2005 4419 quoniam]
2043 4348 2187 4419 quod
2220 4348 2454 4405 BDEF
