3175 5050
1026 458 1116 512 De
1153 459 1343 511 statu
1380 459 1644 510 animae
1690 458 1750 511 II
1790 457 1838 510 7.
2446 461 2570 526 123

294 665 410 730 pus
471 665 601 712 esse
648 666 714 712 se
761 646 1040 724 credunt,
1105 663 1228 709 non
1273 663 1382 727 per
1425 645 1542 710 hoc
1589 645 1940 711 animarum
1988 647 2195 730 generi
2242 650 2569 733 deroganS,

301 753 406 815 sed
451 750 754 832 quosdam
798 751 1144 814 sententiae
1177 767 1325 813 suae
1361 749 1759 830 inprobitate,
1807 769 1933 814 non
1964 769 2103 816 mea
2132 752 2349 833 sponte
2379 752 2569 818 deno-

298 858 458 919 tans,
537 852 599 916 et
667 852 816 934 quid
883 851 1241 916 hominibus
1310 851 1438 927 fiat,
1509 871 1662 934 quos
1730 869 1874 917 cum
1930 873 1999 918 eo
2052 873 2248 936 usque
2311 853 2570 920 inscitia

295 960 530 1040 teneat,
578 959 650 1021 ut
694 955 976 1020 indoctos
1021 973 1086 1018 se
1117 973 1250 1019 esse
1281 955 1584 1030 nesciant,
1633 953 1933 1020 scientiae
1978 957 2173 1021 nihilo
2204 958 2409 1021 minus
2438 959 2568 1040 pri-

250 1086 276 1125 5
297 1059 604 1142 uilegium
651 1058 769 1123 sibi
826 1058 1170 1135 uindicant,
1233 1060 1504 1140 dumque
1550 1058 1617 1121 in
1658 1057 1961 1139 inperitas
2011 1076 2187 1124 aures
2233 1061 2568 1125 uerborum

295 1162 632 1244 puerilium
700 1180 952 1244 spumas
1021 1164 1344 1244 exspuunt,
1413 1180 1536 1227 uno
1583 1166 1917 1245 eodemque
1983 1166 2305 1229 mendacio
2366 1167 2566 1230 semet

297 1266 594 1331 scientiae
635 1265 889 1343 fallunt,
935 1267 1092 1330 alios
1140 1266 1413 1330 docendo
1460 1266 1779 1347 decipiunt
1818 1266 2045 1349 Lysiae
2076 1267 2332 1351 similes,
2381 1287 2567 1350 quem

296 1370 521 1435 Platon
565 1371 736 1434 idem
783 1387 956 1434 cassa
998 1388 1209 1435 rerum
1256 1370 1448 1433 uerba
1479 1368 1847 1435 fundentem
1894 1372 1961 1435 in
1990 1370 2274 1436 Phaedro
2308 1373 2565 1437 eatenus

297 1473 591 1558 increpat,
637 1475 710 1537 ut
755 1492 887 1537 esse
932 1472 1206 1538 deterius
1261 1473 1546 1536 adstruat
1589 1491 1858 1555 gnarum
1889 1473 2243 1552 uerborum,
2276 1475 2566 1558 ignarum

227 1606 278 1645 ιο
297 1595 432 1642 3333
489 1595 836 1657 causarum,
899 1594 1085 1658 quam
1130 1575 1515 1641 nescientem
1569 1595 1778 1642 rerum
1823 1577 2017 1641 uerba
2062 1579 2313 1659 nescire,
2360 1580 2565 1662 potius

299 1680 610 1746 arbitrans
666 1679 1008 1762 inperitum
1065 1679 1389 1745 silentium
1448 1679 1697 1760 loquaci
1756 1679 2067 1760 inperitia.
2144 1680 2307 1744 unde
2374 1681 2566 1746 etiam

295 1783 537 1846 Tullius
581 1782 742 1847 libro
792 1783 865 1848 de
899 1785 1138 1847 oratore
1167 1785 1398 1864 primo:
1448 1801 1478 1846 3
1494 1781 1515 1844 1
1531 1801 1566 1846 0
1581 1801 1621 1865 q
1636 1801 1677 1846 u
1694 1784 1913 1849 entia
1958 1784 2105 1864 est,
2154 1783 2376 1866 inquit,
2424 1787 2566 1850 sci-

297 1886 511 1950 entia
557 1886 1444 1969 conprehendendarum
1489 1906 1745 1951 rerum
1789 1887 2344 1970 plurimarum,
2393 1888 2564 1952 sine

297 2007 450 2070 qua
514 1992 928 2055 uerborum
989 1989 1482 2055 uolubilitas
1535 1989 1797 2054 inanis
1857 1991 2094 2071 atque
2138 1991 2566 2058 inridenda

226 2126 274 2163 15
295 2095 446 2177 est,
495 2097 557 2158 et
609 2094 794 2176 paulo
840 2095 1007 2176 post:
1055 2093 1339 2158 etenim
1389 2111 1473 2156 ex
1518 2111 1777 2157 rerum
1822 2095 2289 2178 cognitione
2334 2095 2564 2160 efflo-

294 2199 562 2261 rescat
606 2198 684 2261 et
728 2199 915 2262 redu
937 2199 1123 2262 ndet
1190 2197 1505 2278 oportet
1549 2197 1843 2274 oratic,
1909 2199 2038 2261 3111
2083 2199 2247 2262 11131
2294 2198 2564 2263 subest

294 2318 417 2365 res
475 2299 566 2364 ab
633 2303 944 2365 oratore
1011 2302 1382 2382 percepta
1445 2303 1521 2363 et
1577 2299 1931 2382 cognita,
1978 2299 2286 2365 inanem
2334 2319 2564 2383 quan-

293 2405 461 2468 dam
515 2401 756 2467 habet
810 2403 1294 2467 locutionem
1353 2403 1426 2466 et
1467 2420 1716 2483 paene
1776 2401 2185 2484 puerilem.
2263 2404 2371 2468 sed
2417 2404 2563 2468 hinc

297 2508 473 2574 alias.

223 2645 276 2685 20
376 2611 455 2675 In
499 2610 782 2675 Phaedro
828 2611 1041 2674 autem
1073 2610 1296 2676 Platon
1342 2612 1416 2675 de
1461 2608 1674 2674 anima
1704 2612 1793 2676 sic
1824 2610 2223 2693 pronuntiat:
2271 2631 2307 2676 a
2324 2611 2527 2677 nima
2546 2648 2563 2677 ³

293 2713 519 2797 inquit,
565 2714 1032 2779 inmortalis
1079 2734 1111 2777 3
1135 2716 1240 2791 st,
1296 2729 1492 2797 quae
1536 2733 1844 2796 semper
1890 2734 1925 2779 a
1970 2714 2271 2797 seipsa
2315 2733 2561 2781 moue-

294 2816 428 2882 tur
482 2821 556 2883 et
611 2817 713 2881 ali
733 2816 801 2881 is
859 2834 940 2880 ca
959 2834 1098 2881 usa
1144 2817 1396 2881 motus
1443 2817 1594 2893 est,
1662 2836 1882 2899 corpus
1920 2819 2129 2883 autem
2173 2836 2284 2899 per
2328 2836 2396 2882 se
2442 2836 2563 2885 non

293 2924 596 2986 mouetur.
673 2939 796 2986 non
843 2920 934 2985 ait
978 2924 1262 2986 tantum:
1323 2940 1386 2985 m
1407 2939 1498 2985 ou
1519 2924 1597 2984 et
1660 2920 1848 2997 alia,
1902 2920 2043 2985 sed:
2091 2920 2281 2986 aliis
2328 2938 2561 2985 causa

503 3092 568 3146 12
604 3091 712 3147 Cic.
739 3093 804 3145 de
828 3095 964 3149 orat.
1001 3092 1030 3146 Ι
1066 3094 1118 3161 5,
1146 3094 1210 3146 17
1403 3094 1468 3148 15
1503 3092 1611 3153 Cic.
1640 3092 1703 3147 de
1724 3095 1861 3150 orat.
1900 3092 1929 3147 Ι
1965 3096 2017 3157 6,
2053 3092 2123 3146 20
2313 3091 2381 3145 20
2416 3090 2560 3145 Plat.

295 3176 524 3232 Phaedr.
563 3194 682 3246 pag.
717 3178 822 3231 245
846 3194 873 3234 3

399 3336 430 3387 1
478 3349 533 3387 33
566 3349 667 3387 om.
701 3333 1148 3389 BEFHLRS¹b
1348 3350 1403 3388 33
1439 3350 1629 3402 corpus
1664 3350 1777 3389 esse
1815 3334 1934 3389 Sch.
2131 3349 2186 3386 se
2222 3348 2335 3385 3333
2371 3332 2426 3385 A

297 3420 329 3472 2
377 3419 633 3473 scientiae
680 3419 727 3474 S
926 3420 961 3474 3
1007 3420 1074 3473 de
1110 3424 1240 3474 ame
1275 3420 1588 3474 hominibus
1631 3419 1762 3474 add.
1802 3419 1927 3474 Sch.
2134 3418 2283 3487 quos]
2322 3432 2417 3470 cur
2450 3416 2564 3469 AB

297 3504 552 3571 HLRS¹‚
610 3508 676 3559 ut
726 3504 906 3560 ΒΕΓ
1103 3520 1235 3574 quos
1283 3522 1401 3559 cum
1449 3506 1741 3560 conuiceris
1790 3504 2026 3559 amentia
2076 3519 2136 3557 ea
2181 3505 2366 3557 teneat
2414 3502 2558 3556 coni.

299 3592 571 3648 Barthius
773 3591 1060 3645 inscientia
1104 3590 1419 3657 BDGMb,
1481 3591 1672 3644 insitia
1716 3592 1772 3647 R
1976 3591 2013 3647 4
2060 3590 2202 3643 nihil
2251 3587 2561 3643 hominibus

299 3678 355 3731 B
548 3680 580 3732 5
618 3677 895 3732 uindicent
929 3678 1203 3734 Bartbius
1399 3677 1456 3731 in
1492 3691 1594 3731 om.
1631 3678 1745 3731 Mb
1942 3676 1977 3729 6
2014 3681 2200 3745 spuma
2235 3676 2439 3743 spuunt
2474 3674 2561 3737 M,

298 3814 486 3868 spuma
537 3800 836 3867 conspuunt
889 3798 921 3851 b
1143 3799 1173 3850 7
1231 3745 1379 3851 alio}
1423 3796 1470 3851 S
1688 3796 1985 3866 decipiunt]
2041 3796 2175 3849 alios
2228 3792 2358 3848 add.
2412 3793 2559 3855 libri,

297 3885 401 3939 del.
438 3884 507 3938 8²
532 3883 654 3938 Sch.
668 3923 682 3949 ‚
742 3882 892 3936 illius
920 3898 1031 3951 pro
1067 3885 1201 3936 alios
1237 3882 1405 3938 scribi
1440 3883 1590 3938 iubet
1628 3883 1901 3938 Barthius
2106 3882 2140 3934 8
2190 3880 2339 3949 plato
2388 3878 2569 3933 ΒΕΓ

296 3971 415 4026 HL
621 3985 796 4025 crassa
834 3983 880 4036 p
1083 3970 1350 4038 phedrone
1387 3969 1447 4024 D
1655 3970 1688 4023 9
1725 3968 1971 4039 gnarum]
2010 3967 2261 4035 ignarum
2296 3965 2561 4020 ΑΗΒΟΒι

295 4057 540 4114 F¹H¹R¹
730 4057 1013 4109 uerborum
1050 4058 1302 4126 ignarum
1338 4073 1438 4111 om..
1485 4056 1551 4112 0¹
1745 4057 1811 4111 12
1845 4057 2059 4110 aratore
2101 4053 2152 4106 G
2344 4052 2409 4107 de
2446 4068 2560 4107 ora-

296 4148 412 4197 tore
447 4143 587 4197 libro
624 4142 798 4212 primo
834 4141 890 4196 R
1097 4140 1321 4195 scientia
1357 4157 1457 4196 om.
1493 4143 1607 4197 Mb
1815 4140 1880 4194 13
1926 4138 2414 4207 conprehendarum
2462 4140 2565 4193 OF

302 4230 596 4295 GHLR&
668 4229 1148 4297 conprehensarum
1195 4229 1249 4280 A
1460 4230 1526 4283 15
1581 4231 1637 4281 et
1696 4226 1936 4281 florescat
1988 4225 2045 4280 R
2251 4225 2315 4278 16
2377 4225 2558 4279 subest

297 4318 401 4386 133]
441 4316 541 4371 sub
578 4316 745 4370 efores
782 4316 837 4371 R
1046 4314 1110 4367 17
1147 4318 1360 4366 aratore
1400 4314 1455 4369 G
1664 4314 1729 4367 18
1766 4314 1893 4366 haec
1930 4311 1961 4365 b
2156 4310 2225 4363 20
2260 4310 2558 4378 phaedrone

298 4402 417 4457 DF
583 4402 734 4470 plato
772 4400 1006 4456 DEFH
1184 4398 1408 4453 nunciat
1444 4399 1556 4454 Mb
1746 4399 1811 4453 21
1848 4398 1967 4467 ipsa
2000 4413 2104 4452 om.
2140 4395 2428 4451 ABDEF
