3175 5050
659 411 760 479 ’94
1447 404 1821 461 Claudiani
1854 382 2166 459 fiamerti

673 599 890 666 anima
931 599 1239 663 humana:
1286 614 1421 661 eece
1467 596 1629 678 quod
1667 594 1851 659 uculo
1904 592 2109 660 cordis
2152 593 2367 659 uidere
2410 562 2773 657 conoessum
2816 594 2942 657 est.

671 719 792 786 quo
837 700 1222 785 diffugimus,
1267 716 1390 782 quo
1450 695 1880 775 distrahimur,
1939 715 2049 762 our
2091 696 2158 762 in
2200 695 2519 762 nobismet
2559 695 2718 777 ipsis
2763 697 2945 761 extra

669 822 784 873 nos
829 822 1046 871 sumus
1068 807 1100 871 ἱ)
1147 820 1257 869 our
1302 801 1573 886 patriam
1616 802 1899 866 nostram
1942 800 2231 867 localiter
2276 800 2651 882 quaerimus,
2696 801 2775 865 de
2816 817 2945 881 qua

669 910 891 992 utique
935 927 1058 974 non
1115 905 1510 985 ambulando,
1571 905 1681 971 sed
1738 902 2049 987 peccando
2112 903 2513 969 discessimus
2526 902 2561 967 ?
2606 920 2717 967 eur
2760 904 2940 967 tene-

671 1014 816 1079 bras
871 1012 1194 1094 splendere
1251 1008 1582 1087 credimus,
1641 1025 1795 1090 quas
1852 1006 2069 1073 uidere
2126 1009 2331 1091 ipsum
2388 1006 2487 1071 est
2538 1005 2763 1088 utique
2807 1024 2942 1071 non
2996 1034 3017 1074 5

671 1114 930 1181 uidere?
1004 1112 1336 1179 ueritatem
1381 1112 1552 1177 eerte
1608 1110 1994 1193 quaerimus:
2055 1127 2179 1175 non
2221 1108 2399 1175 illam
2442 1127 2553 1191 per
2596 1108 2803 1191 spatia
2846 1110 2942 1174 lo-

661 1232 885 1284 corum
941 1217 1223 1299 oportere
1283 1215 1518 1298 quaeri,
1578 1231 1701 1279 non
1760 1231 1871 1296 per
1929 1230 2289 1296 corporeum
2347 1213 2589 1298 aliquid
2642 1209 2940 1277 aestimes

669 1321 961 1387 inueniri.
1031 1320 1184 1386 satis
1229 1338 1301 1385 ex
1331 1336 1580 1401 corpore
1610 1336 1731 1385 non
1760 1318 1963 1383 solum
1994 1318 2325 1401 tangendo,
2371 1314 2483 1381 sed
2526 1314 2719 1382 etiam
2760 1316 2941 1401 eogi-

660 1426 862 1490 tando
905 1441 972 1488 se
1028 1421 1345 1505 separabit
1412 1421 1519 1504 qui
1575 1419 1724 1486 huie
1764 1419 2149 1485 adhaerebit.
2218 1419 2483 1487 inlooale
2526 1422 2693 1485 certe
2738 1437 2939 1502 quae-

670 1526 888 1603 rimus,
933 1544 1056 1591 non
1099 1525 1261 1592 illud
1305 1542 1530 1607 quaeso
1573 1542 1683 1605 per
1725 1523 1923 1589 locale
1967 1542 2357 1606 quaeramus.
2434 1522 2587 1589 feeit
2630 1522 2753 1589 sibi
2796 1525 2941 1606 ipsa
2970 1549 3010 1589 1⁰

667 1629 904 1695 ueritas
961 1629 1060 1695 sui
1115 1631 1460 1710 compotem
1505 1625 2009 1693 similitudinem.
2083 1626 2196 1691 hoe
2240 1627 2307 1691 in
2350 1626 2533 1694 nobis
2574 1626 2937 1693 adferamus

669 1732 771 1798 illi
815 1734 978 1814 quod
1028 1732 1198 1811 feeit,
1273 1750 1396 1797 non
1453 1730 1875 1796 conuiciemur
1918 1729 2104 1795 deum
2152 1731 2433 1795 nostrum
2478 1730 2754 1796 dicentes
2798 1730 2935 1796 illi:

668 1852 791 1900 non
847 1836 1109 1917 potuisti
1165 1835 1368 1901 faeere
1424 1832 1662 1917 aliquid
1728 1832 1931 1898 simile
1990 1832 2105 1913 tui,
2165 1834 2330 1914 quia,
2390 1832 2445 1898 si
2490 1852 2710 1916 eorpus
2769 1853 2934 1913 sum,

659 1937 897 2003 similis
963 1938 1060 2003 tui
1129 1956 1251 2003 non
1317 1956 1476 2018 sum,
1544 1936 1693 2019 quia
1751 1937 1829 2000 de
1882 1934 2193 2001 nobismet
2250 1936 2407 2018 ipsis
2464 1955 2575 2002 nos
2632 1938 2741 2004 ille
2788 1957 2934 2004 con-

665 2039 900 2105 uinoet.
2963 2066 3001 2106 1⁵

1666 2244 1932 2328 XXVI.

655 2433 969 2491 SEORETA
1034 2435 1155 2482 DEI
1220 2433 1520 2483 LOGVTIO
1586 2435 1683 2481 AD
1738 2435 2033 2502 AMMAM,
2102 2435 2450 2494 QVALITER
2514 2435 2591 2484 SE
2653 2437 2927 2484 DEBEAT

1598 2537 1991 2588 SOISGITARI.

754 2675 1057 2758 Loquitur
1103 2677 1269 2739 enim
1315 2675 1565 2741 silentio
1609 2675 1773 2741 mihi
1813 2676 2051 2743 ueritas
2097 2679 2160 2741 et
2204 2676 2355 2742 dicit
2401 2675 2591 2741 mihi:
2652 2680 2727 2742 tu
2760 2683 2925 2743 certe

659 2779 777 2862 qui
822 2795 1046 2860 eorpus
1092 2796 1227 2843 esse
1270 2781 1335 2844 te
1381 2779 1601 2858 eredis,
1646 2779 1809 2845 unde
1852 2779 2205 2862 incorporeo
2250 2779 2441 2845 uerbo
2468 2779 2711 2846 uteris?
2753 2781 2975 2847 aliudm
3069 2821 3070 2826 η

665 2881 846 2947 credo
909 2884 1004 2946 est
1059 2879 1324 2947 uerbum
1380 2885 1585 2961 tuum,
1651 2882 1718 2947 id
1776 2882 1871 2948 est
1938 2883 2268 2948 consilium
2325 2883 2527 2962 tuum,
2584 2882 2761 2948 aliud
2810 2902 2921 2949 uox

663 2984 865 3062 uerbi,
923 2985 1093 3050 aliud
1153 2984 1316 3067 quod
1371 2988 1569 3065 sonat,
1631 2985 1805 3050 aliud
1862 2986 2027 3068 quod
2082 2985 2494 3070 intellegitur.
2568 3005 2717 3052 nam
2762 2989 2920 3053 sicut

664 3105 784 3152 uox
825 3089 1034 3170 potest
1079 3106 1210 3154 esse
1257 3088 1389 3154 sine
1435 3088 1643 3169 uerbo,
1702 3088 1797 3154 ita
1842 3093 1938 3154 est
1982 3090 2246 3155 uerbum
2294 3091 2425 3156 sine
2469 3106 2643 3155 uoce.
2718 3091 2918 3156 utitur

663 3191 879 3254 tamen
923 3192 1192 3273 quodam
1222 3192 1585 3259 indumento
1632 3193 1802 3258 noeis
1832 3193 2098 3259 uerbum
2140 3197 2344 3273 tuum,
2376 3196 2450 3259 ut
2476 3193 2723 3260 insonet
2754 3193 2918 3260 auri-
3058 3261 3060 3268 ,

665 3293 800 3374 bue,
871 3294 1035 3360 sieut
1105 3315 1219 3381 ego
1285 3297 1653 3364 indumento
1711 3297 1939 3383 carnis,
1993 3299 2065 3365 ut
2106 3297 2353 3364 uiderer
2408 3296 2786 3379 hominibuS,
2862 3297 2965 3360 ets
3056 3345 3058 3348 Α

768 3583 794 3638 1
835 3585 955 3655 qu‘o]
992 3583 1131 3654 quod
1177 3584 1223 3639 Ο
1423 3585 1457 3638 2
1493 3559 1793 3656 difffgimus
1829 3586 1887 3643 R
2088 3587 2229 3657 quod
2269 3586 2327 3643 R
2532 3603 2671 3656 quur
2706 3587 2777 3642 Η
2806 3602 2911 3642 sae·

647 3669 790 3739 pius
994 3670 1263 3724 nobismet
1297 3671 1353 3727 R
1555 3674 1589 3728 5
1624 3671 1796 3726 uideri
1832 3673 1864 3726 b
2068 3673 2226 3740 ipsud
2260 3674 2318 3729 R
2523 3674 2558 3726 6
2593 3671 2911 3742 quaerimus]

659 3756 925 3810 credimus
961 3755 1273 3812 BDE¹FP
1299 3756 1448 3823 Solu,
1506 3773 1821 3826 quaeramus
1858 3757 1889 3812 b
2097 3757 2129 3812 ‘1
2164 3761 2377 3827 oportet
2411 3758 2524 3813 Mb
2732 3758 2910 3813 exesti-

659 3857 772 3896 mes
817 3842 889 3909 Ο,
953 3844 1263 3897 estimemus
1297 3844 1360 3898 E
1557 3844 1593 3897 8
1639 3844 1721 3912 ex]
1762 3860 1818 3898 se
1852 3859 1884 3898 a
1934 3843 1987 3899 G
2191 3844 2225 3899 9
2266 3859 2321 3898 se
2357 3859 2458 3900 om.
2498 3845 2553 3900 G
2762 3846 2824 3900 11
2861 3845 2909 3896 in

656 3968 789 4018 ante
842 3963 1252 4018 similitudinem
1306 3963 1437 4023 add.
1485 3965 1552 4032 φ’
1773 3964 2055 4019 offeramus
2092 3963 2214 4020 Βοὴ.
2437 3964 2504 4020 12
2549 3965 2907 4052 conuincemur

658 4082 759 4151 M,
819 4083 1194 4137 conuineemus
1229 4083 1289 4150 b,
1349 4084 1725 4138 conueniemur
1756 4084 1839 4150 A,
1898 4049 2211 4138 conuigmur
2245 4085 2327 4152 B,
2386 4085 2694 4140 conuiemur
2726 4086 2785 4142 R

655 4167 789 4222 dnm
840 4168 898 4223 R
1106 4167 1172 4222 14
1223 4169 1494 4223 conuineit
1545 4167 1725 4224 ΕΒΗ*
1931 4169 1997 4223 19
2054 4169 2217 4240 enim]
2267 4171 2326 4223 in
2372 4169 2504 4225 add.
2540 4170 2671 4226 libri
2695 4176 2905 4240 praeter

641 4255 734 4410 ἰιϊ
739 4255 770 4310 b
901 4253 1098 4394 lli-aziz]
1126 4255 1252 4395 {psa
1277 4257 1347 4324 1²²
1532 4255 1602 4310 24
1637 4257 1854 4311 insonat
1886 4255 2085 4313 BH¹R
2276 4257 2345 4313 25
2377 4273 2479 4328 ego
2514 4273 2617 4315 om.
2647 4261 2733 4328 μ’,
2790 4271 2901 4327 ergo
