3175 5050
523 461 597 506 vl

524 649 764 713 quoque
822 631 1360 713 deprehendantur
1424 630 1524 713 (cf.
1587 632 1798 696 adnot.
1858 631 1935 696 ad
1992 631 2093 709 64,
2140 631 2200 694 6.
2254 630 2361 708 67,
2411 630 2509 694 19.
2556 630 2661 711 80,
2712 633 2773 696 9.

529 735 670 812 102,
716 733 822 798 21.
875 735 1018 812 109,
1065 733 1168 798 20.
1219 734 1363 813 117,
1416 733 1526 810 16;
1574 733 1677 812 93,
1726 733 1785 798 3.
1834 734 1936 810 96,
1984 733 2045 796 7.
2094 733 2235 816 121,
2272 733 2355 816 1).
2404 735 2567 798 certe
2604 735 2769 798 codi-

527 853 661 900 cem
705 837 754 900 F
801 837 878 900 ab
926 835 1159 900 editore
1203 836 1271 900 in
1315 854 1501 900 usum
1557 839 1853 901 uocatum
1900 855 2032 900 esse
2078 855 2151 900 ex
2196 834 2500 918 singulari
2542 835 2772 900 codicis

527 939 578 1003 F
620 937 833 1002 uolens
875 938 1147 1022 intelleyi
1188 957 1298 1021 pro
1340 939 1502 1003 uelis
1534 939 1821 1022 intelleyi
1854 940 1952 1021 (cf.
1986 957 2127 1023 pag.
2165 939 2307 1014 106,
2344 941 2405 1019 1)
2436 939 2777 1004 exhibentis

525 1041 810 1124 lectione,
859 1060 1046 1124 quam
1091 1043 1280 1108 editio
1326 1059 1564 1125 quoque
1610 1043 1895 1108 Parisina
1938 1042 2215 1126 praebet,
2261 1041 2547 1108 concludi
2604 1060 2776 1124 posse

527 1145 796 1208 uidetur.

324 1292 492 1388 &323³
618 1299 718 1364 Ad
759 1317 1056 1363 nouorum
1107 1299 1387 1364 codicum
1429 1299 1867 1365 auctoritatem
1899 1297 2228 1364 Claudiani
2256 1299 2448 1364 libros
2476 1299 2782 1362 recensuit

527 1403 806 1467 Andreas
853 1401 1142 1467 Schottus
1188 1404 1397 1467 societ.
1441 1403 1585 1467 Iesu
1639 1403 1729 1484 (in
1785 1401 2161 1468 bibliotheca
2203 1406 2488 1466 ueterum
2530 1405 2783 1485 patrum

532 1505 883 1570 Coloniensi
929 1505 1022 1570 ed.
1069 1524 1122 1569 a.
1167 1505 1330 1571 1618
1377 1508 1501 1572 uol.
1536 1505 1593 1569 V
1637 1506 1764 1570 944
1808 1525 1941 1588 sqq.
1990 1510 2051 1570 et
2098 1505 2164 1570 in
2196 1505 2485 1570 biblioth.
2532 1508 2782 1587 patrum

532 1608 931 1688 Lugdunensi
975 1609 1070 1673 ed.
1119 1627 1174 1674 a.
1224 1608 1385 1673 1677
1433 1609 1559 1672 uol.
1607 1608 1698 1673 VI
1736 1608 1899 1674 1045
1929 1609 2092 1691 sqq.)
2140 1627 2360 1691 eosque
2393 1608 2557 1672 notis
2588 1607 2784 1673 maxi-

532 1727 699 1775 mam
745 1712 990 1791 partem
1033 1711 1266 1776 criticis
1310 1711 1677 1776 illustrauit.
1746 1731 1894 1776 usus
1938 1719 2033 1776 est
2062 1714 2562 1778 membranarum
2593 1711 2785 1775 Plan-

536 1815 913 1880 tinianarum
981 1814 1328 1892 collatione,
1398 1833 1584 1897 quam
1650 1813 1913 1878 Ioannes
1968 1814 2309 1880 Wowerius
2377 1814 2654 1892 confecit,
2720 1818 2786 1878 et

536 1919 664 1998 ipse
719 1908 896 1980 ‘olim
949 1918 1025 1980 in
1083 1917 1354 1982 Neruiis
1401 1917 1685 1980 Tornaci
1735 1917 2053 1981 sodalium
2095 1917 2657 1982 Benedictiuorum
2698 1917 2787 1981 ad

537 2019 606 2086 S.
656 2019 1024 2084 Martinum
1083 2019 1368 2102 beneficio
1427 2040 1458 2083 e
1511 2019 1877 2084 bibliotheca
1942 2021 2117 2101 lonqe
2172 2019 2505 2099 antiquius
2560 2022 2787 2082 nactus

539 2126 857 2204 exemplar
916 2126 1052 2188 loca
1094 2143 1303 2204 prope
1361 2122 1868 2187 innumerabilia
1926 2111 2344 2204 persanauit'.
2420 2141 2491 2188 ac
2558 2121 2786 2187 codicis

537 2226 921 2291 Plautiniani
968 2225 1110 2312 (P),
1158 2245 1342 2308 quem
1404 2228 1595 2290 etiam
1641 2227 2141 2307 Antuerpianum
2185 2227 2289 2290 uel
2333 2224 2787 2290 Brabantinum

543 2329 814 2412 appellat
881 2328 1198 2412 SchottuS‚
1266 2329 1564 2395 lectiones
1633 2329 1985 2395 simillimas
2053 2347 2178 2392 esse
2246 2329 2530 2392 codicum
2594 2327 2717 2392 DE
2737 2327 2787 2390 F

539 2432 706 2497 infra
761 2432 1361 2514 demonstrabimus3
1417 2430 1645 2496 codicis
1706 2432 1917 2495 autem
1970 2431 2372 2496 Tornacensis
2422 2430 2559 2512 (Τ),
2607 2450 2789 2513 quem

540 2536 991 2600 Martinianum
1035 2538 1138 2601 uel
1168 2536 1474 2601 Neruium
1511 2536 1795 2601 nominat
1828 2536 2147 2614 sumtus,
2179 2540 2458 2619 superest
2490 2536 2791 2601 memoria

542 2640 705 2723 apud
749 2641 1121 2705 Haenelium
1155 2641 1460 2725 (catalogi
1489 2660 1630 2725 pag.
1662 2641 1838 2725 877),
1874 2642 1977 2723 qui
2007 2641 2172 2705 inter
2200 2641 2389 2707 libros
2422 2639 2789 2722 Phillippsi-

544 2761 692 2807 anos
750 2742 1078 2808 Claudiani
1131 2744 1430 2810 Mamerti
1488 2745 1785 2822 codicem,
1842 2746 1949 2828 qui
2010 2748 2141 2811 erat
2200 2745 2352 2810 olim
2398 2743 2685 2808 abbatiae
2728 2741 2791 2807 S.

543 2846 804 2911 Martini
857 2848 1286 2926 TornacensiS,
1348 2849 1794 2913 commemorat
1854 2849 2109 2929 (Tourn.
2168 2848 2354 2911 Press
2413 2846 2484 2909 E.
2545 2864 2638 2909 nr.
2684 2844 2789 2921 27,

545 2949 732 3015 Phill.
791 2948 1010 3027 2100),
1074 2954 1178 3015 sed
1245 2951 1333 3015 eis
1402 2950 1773 3015 adnumerat
1842 2949 2182 3035 codicibUS,
2251 2967 2401 3031 quos
2460 2946 2791 3028 Phillipps

546 3050 835 3132 deposuit
873 3051 948 3113 in
992 3052 1257 3134 officina
1299 3050 1674 3131 bibliopolae
1718 3051 2054 3115 cuiusdam
2100 3051 2388 3115 Bataui:
2434 3069 2536 3114 eos
2580 3069 2794 3113 omnes

548 3153 842 3235 nefarius
883 3154 998 3217 iste
1039 3152 1216 3217 homo
1259 3152 1556 3217 subduxit
1602 3157 1787 3235 atque
1830 3154 2121 3219 uendidit
2169 3155 2271 3235 (cf.
2318 3155 2559 3219 Haenel
2603 3153 2643 3216 1.
2686 3152 2792 3237 (5.).

474 3328 526 3393 Τ
643 3324 768 3389 Vbi
811 3344 975 3389 nunc
1019 3325 1370 3391 asseruetur
1427 3324 1587 3388 liber
1630 3323 2057 3398 TornacensiS,
2105 3322 2310 3387 nescio
2355 3342 2551 3405 neque
2595 3324 2797 3388 hercle

555 3427 916 3492 examinatis
961 3428 1186 3493 codicis
1228 3425 1621 3504 lectionibuS,
1669 3444 1821 3507 quas
1867 3425 1935 3489 in
1979 3426 2143 3490 notis
2190 3426 2439 3503 criticis,
2485 3429 2646 3508 quod
2690 3427 2800 3491 illa

555 3534 758 3595 aetate
803 3530 908 3594 uix
951 3529 1420 3612 exspectaueriS,
1468 3530 1626 3592 satis
1674 3527 2009 3611 diligenter
2051 3526 2231 3593 affert
2262 3528 2571 3603 SchottuS,
2621 3547 2799 3612 aegre

555 3634 618 3698 id
679 3633 952 3711 ferimuS,
1023 3650 1166 3697 cum
1220 3632 1560 3697 habeamus
1619 3630 1870 3709 librum,
1942 3631 2050 3712 qui
2115 3631 2340 3697 codicis
2401 3631 2801 3697 Tornacensis

556 3737 903 3802 accuratam
927 3735 1055 3799 fere
1077 3736 1497 3818 repraesentet
1527 3734 1888 3817 imaginem,
1923 3734 2060 3797 dico
2085 3734 2358 3799 codicem
2382 3736 2801 3819 Reginensem

555 3840 630 3905 R.
678 3859 862 3922 quam
919 3857 1052 3902 rem
1096 3841 1171 3901 ut
1216 3838 1725 3917 demonstremus,
1785 3838 1938 3903 haec
1981 3838 2249 3922 proferre
2292 3837 2483 3903 liceat
2524 3838 2803 3919 exempla

558 3944 649 4008 ita
692 3944 1062 4023 comparata,
1108 3946 1181 4006 ut
1225 3959 1384 4004 unus
1430 3940 1616 4006 codex
1659 3940 1716 4004 R
1761 3942 2070 4023 conspiret
2114 3960 2255 4006 cum
2297 3940 2670 4006 Tornacensi
2700 3940 2803 4003 uel

561 4065 702 4111 cum
759 4044 1001 4110 Schotti
1056 4044 1255 4129 textu,
1314 4062 1497 4125 quem
1553 4046 1895 4109 secundum
1952 4043 2354 4109 Tornacensis
2404 4044 2801 4128 potissimum

560 4148 995 4213 auctoritatem
1037 4167 1102 4213 se
1147 4146 1539 4212 constituisse
1594 4145 1728 4229 ipse
1772 4146 2114 4211 identidem
2161 4147 2452 4224 affirmat,
2523 4146 2588 4210 in
2634 4146 2803 4210 exhi-

562 4252 759 4315 benda
804 4249 1004 4315 falsa
1046 4252 1346 4316 lectione:
1392 4268 1537 4334 pag.
1585 4250 1689 4329 22,
1742 4251 1819 4315 18
1867 4252 2171 4331 namque]
2213 4270 2368 4314 nam
2412 4268 2683 4329 nequam
2730 4248 2800 4327 Τ,

561 4374 716 4417 uam
759 4372 894 4435 neq.
938 4354 1014 4435 R,
1081 4354 1184 4435 36,
1231 4354 1272 4417 5
1315 4352 1457 4441 eqo]
1499 4372 1643 4437 erqo
1687 4354 1828 4439 ΒΤ,
1896 4354 2000 4434 49,
2052 4356 2132 4419 15
2176 4352 2455 4435 aeriam]
2499 4371 2705 4415 aerem
2748 4352 2805 4416 R
