<?xml version="1.0" encoding="UTF-8"?>
<!DOCTYPE html PUBLIC "-//W3C//DTD XHTML 1.0 Transitional//EN"
    "http://www.w3.org/TR/xhtml1/DTD/xhtml1-transitional.dtd">
<html xmlns="http://www.w3.org/1999/xhtml" xml:lang="en" lang="en">
 <head>
  <title>
</title>
<meta http-equiv="Content-Type" content="text/html;charset=utf-8" />
  <meta name='ocr-system' content='tesseract 3.04.00' />
  <meta name='ocr-capabilities' content='ocr_page ocr_carea ocr_par ocr_line ocrx_word'/>
</head>
<body>
  <div class='ocr_page' id='page_1' title='image "./corpusscriptoru28wiengoog_0132.png"; bbox 0 0 3175 5050; ppageno 0'>
   <div class='ocr_carea' id='block_1_1' title="bbox 634 437 2127 505">
    <p class='ocr_par' dir='ltr' id='par_1_1' title="bbox 634 437 2127 505">
     <span class='ocr_line' id='line_1_1' title="bbox 634 437 2127 505; baseline -0.003 -9"><span class='ocrx_word' id='word_1_1' title='bbox 634 440 720 505; x_wconf 84' lang='grc'><strong>70</strong></span> <span class='ocrx_word' id='word_1_2' title='bbox 1404 437 1775 494; x_wconf 84' lang='lat' dir='ltr'><strong>Claudiani</strong></span> <span class='ocrx_word' id='word_1_3' title='bbox 1808 438 2127 493; x_wconf 75' lang='lat' dir='ltr'><strong>Mamerti</strong></span> 
     </span>
    </p>
   </div>
   <div class='ocr_carea' id='block_1_2' title="bbox 631 628 2973 2776">
    <p class='ocr_par' dir='ltr' id='par_1_2' title="bbox 631 628 2973 2776">
     <span class='ocr_line' id='line_1_2' title="bbox 634 628 2897 711; baseline -0.001 -15"><span class='ocrx_word' id='word_1_4' title='bbox 634 628 814 696; x_wconf 88' lang='lat' dir='ltr'><strong>nobis</strong></span> <span class='ocrx_word' id='word_1_5' title='bbox 861 629 1118 695; x_wconf 89' lang='lat' dir='ltr'><strong>dicitur:</strong></span> <span class='ocrx_word' id='word_1_6' title='bbox 1169 629 1344 695; x_wconf 88' lang='lat' dir='ltr'><strong>illius</strong></span> <span class='ocrx_word' id='word_1_7' title='bbox 1403 629 1470 694; x_wconf 91' lang='lat' dir='ltr'><strong>in</strong></span> <span class='ocrx_word' id='word_1_8' title='bbox 1525 628 1711 710; x_wconf 87' lang='lat' dir='ltr'><strong>pedes</strong></span> <span class='ocrx_word' id='word_1_9' title='bbox 1779 629 2047 711; x_wconf 88' lang='lat' dir='ltr'><strong>quinque</strong></span> <span class='ocrx_word' id='word_1_10' title='bbox 2102 629 2495 711; x_wconf 80' lang='lat' dir='ltr'><strong>protenditur</strong></span> <span class='ocrx_word' id='word_1_11' title='bbox 2548 628 2897 710; x_wconf 81' lang='lat' dir='ltr'>longitudo,</span> 
     </span>
     <span class='ocr_line' id='line_1_3' title="bbox 633 716 2899 813; baseline -0.001 -16"><span class='ocrx_word' id='word_1_12' title='bbox 633 733 806 800; x_wconf 88' lang='lat' dir='ltr'><strong>latus</strong></span> <span class='ocrx_word' id='word_1_13' title='bbox 852 736 946 798; x_wconf 92' lang='lat' dir='ltr'><strong>est</strong></span> <span class='ocrx_word' id='word_1_14' title='bbox 1000 716 1240 799; x_wconf 67' lang='lat' dir='ltr'><strong>duob⁶us</strong></span> <span class='ocrx_word' id='word_1_15' title='bbox 1297 732 1516 797; x_wconf 87' lang='lat' dir='ltr'><strong>itidem</strong></span> <span class='ocrx_word' id='word_1_16' title='bbox 1573 732 1854 813; x_wconf 76' lang='lat' dir='ltr'><strong>pedibuS,</strong></span> <span class='ocrx_word' id='word_1_17' title='bbox 1903 730 2095 795; x_wconf 89' lang='lat' dir='ltr'><strong>habet</strong></span> <span class='ocrx_word' id='word_1_18' title='bbox 2140 731 2203 796; x_wconf 90' lang='lat' dir='ltr'><strong>in</strong></span> <span class='ocrx_word' id='word_1_19' title='bbox 2250 738 2459 796; x_wconf 77' lang='lat' dir='ltr'><strong>crasso</strong></span> <span class='ocrx_word' id='word_1_20' title='bbox 2502 730 2899 796; x_wconf 76' lang='lat' dir='ltr'><strong>tantundem.</strong></span> 
     </span>
     <span class='ocr_line' id='line_1_4' title="bbox 633 833 2898 919; baseline -0.001 -19"><span class='ocrx_word' id='word_1_21' title='bbox 633 854 782 901; x_wconf 90' lang='lat' dir='ltr'><strong>num</strong></span> <span class='ocrx_word' id='word_1_22' title='bbox 834 835 1152 919; x_wconf 78' lang='lat' dir='ltr'><strong>quantitas</strong></span> <span class='ocrx_word' id='word_1_23' title='bbox 1213 836 1455 899; x_wconf 88' lang='lat' dir='ltr'><strong>animae</strong></span> <span class='ocrx_word' id='word_1_24' title='bbox 1506 834 1641 898; x_wconf 88' lang='lat' dir='ltr'><strong>istis</strong></span> <span class='ocrx_word' id='word_1_25' title='bbox 1686 834 1973 917; x_wconf 86' lang='lat' dir='ltr'><strong>signatur</strong></span> <span class='ocrx_word' id='word_1_26' title='bbox 2016 833 2286 912; x_wconf 89' lang='lat' dir='ltr'><strong>indiciis,</strong></span> <span class='ocrx_word' id='word_1_27' title='bbox 2335 834 2447 899; x_wconf 91' lang='lat' dir='ltr'><strong>aut</strong></span> <span class='ocrx_word' id='word_1_28' title='bbox 2489 833 2557 899; x_wconf 92' lang='lat' dir='ltr'><strong>in</strong></span> <span class='ocrx_word' id='word_1_29' title='bbox 2604 834 2715 897; x_wconf 86' lang='lat' dir='ltr'><strong>illa</strong></span> <span class='ocrx_word' id='word_1_30' title='bbox 2757 834 2898 898; x_wconf 90' lang='lat' dir='ltr'><strong>lon-</strong></span> 
     </span>
     <span class='ocr_line' id='line_1_5' title="bbox 631 935 2899 1024; baseline -0.001 -20"><span class='ocrx_word' id='word_1_31' title='bbox 631 958 785 1024; x_wconf 84' lang='lat' dir='ltr'><strong>gum</strong></span> <span class='ocrx_word' id='word_1_32' title='bbox 843 938 946 1003; x_wconf 88' lang='lat' dir='ltr'><strong>uel</strong></span> <span class='ocrx_word' id='word_1_33' title='bbox 1001 938 1201 1003; x_wconf 89' lang='lat' dir='ltr'><strong>latum</strong></span> <span class='ocrx_word' id='word_1_34' title='bbox 1261 938 1364 1002; x_wconf 92' lang='lat' dir='ltr'><strong>uel</strong></span> <span class='ocrx_word' id='word_1_35' title='bbox 1421 937 1690 1019; x_wconf 87' lang='lat' dir='ltr'><strong>spissum</strong></span> <span class='ocrx_word' id='word_1_36' title='bbox 1748 937 1986 1019; x_wconf 88' lang='lat' dir='ltr'><strong>aliquid</strong></span> <span class='ocrx_word' id='word_1_37' title='bbox 2044 936 2414 1002; x_wconf 78' lang='lat' dir='ltr'><strong>inuenitur?</strong></span> <span class='ocrx_word' id='word_1_38' title='bbox 2471 936 2635 1019; x_wconf 88' lang='lat' dir='ltr'><strong>quod</strong></span> <span class='ocrx_word' id='word_1_39' title='bbox 2696 938 2747 1000; x_wconf 90' lang='lat' dir='ltr'><strong>si</strong></span> <span class='ocrx_word' id='word_1_40' title='bbox 2805 935 2899 1001; x_wconf 88' lang='lat' dir='ltr'><strong>ita</strong></span> 
     </span>
     <span class='ocr_line' id='line_1_6' title="bbox 635 1039 2969 1123; baseline -0 -17"><span class='ocrx_word' id='word_1_41' title='bbox 635 1044 747 1120; x_wconf 89' lang='lat' dir='ltr'><strong>est,</strong></span> <span class='ocrx_word' id='word_1_42' title='bbox 794 1042 970 1106; x_wconf 86' lang='lat' dir='ltr'><strong>tanto</strong></span> <span class='ocrx_word' id='word_1_43' title='bbox 1016 1042 1275 1123; x_wconf 89' lang='lat' dir='ltr'><strong>quisque</strong></span> <span class='ocrx_word' id='word_1_44' title='bbox 1321 1040 1572 1105; x_wconf 88' lang='lat' dir='ltr'><strong>maioris</strong></span> <span class='ocrx_word' id='word_1_45' title='bbox 1620 1039 1741 1105; x_wconf 90' lang='lat' dir='ltr'><strong>erit</strong></span> <span class='ocrx_word' id='word_1_46' title='bbox 1782 1040 2049 1122; x_wconf 89' lang='lat' dir='ltr'><strong>animae,</strong></span> <span class='ocrx_word' id='word_1_47' title='bbox 2112 1044 2343 1123; x_wconf 88' lang='lat' dir='ltr'><strong>quanto</strong></span> <span class='ocrx_word' id='word_1_48' title='bbox 2392 1039 2663 1122; x_wconf 87' lang='lat' dir='ltr'><strong>corporis</strong></span> <span class='ocrx_word' id='word_1_49' title='bbox 2708 1057 2896 1123; x_wconf 89' lang='lat' dir='ltr'><strong>capa·</strong></span> <span class='ocrx_word' id='word_1_50' title='bbox 2946 1068 2969 1105; x_wconf 69' lang='lat' dir='ltr'><strong>s</strong></span> 
     </span>
     <span class='ocr_line' id='line_1_7' title="bbox 635 1144 2900 1230; baseline -0.003 -18"><span class='ocrx_word' id='word_1_51' title='bbox 635 1145 840 1225; x_wconf 87' lang='lat' dir='ltr'><strong>cieris,</strong></span> <span class='ocrx_word' id='word_1_52' title='bbox 915 1165 1027 1213; x_wconf 89' lang='lat' dir='ltr'><strong>nec</strong></span> <span class='ocrx_word' id='word_1_53' title='bbox 1070 1165 1371 1230; x_wconf 88' lang='lat' dir='ltr'><strong>umquam</strong></span> <span class='ocrx_word' id='word_1_54' title='bbox 1416 1144 1733 1229; x_wconf 84' lang='lat' dir='ltr'><strong>perexigui</strong></span> <span class='ocrx_word' id='word_1_55' title='bbox 1764 1146 2039 1228; x_wconf 90' lang='lat' dir='ltr'><strong>corporis</strong></span> <span class='ocrx_word' id='word_1_56' title='bbox 2085 1146 2403 1211; x_wconf 91' lang='lat' dir='ltr'><strong>hominem</strong></span> <span class='ocrx_word' id='word_1_57' title='bbox 2434 1144 2900 1230; x_wconf 83' lang='lat' dir='ltr'><strong>magnanimem</strong></span> 
     </span>
     <span class='ocr_line' id='line_1_8' title="bbox 635 1247 2897 1332; baseline -0.001 -19"><span class='ocrx_word' id='word_1_58' title='bbox 635 1268 780 1314; x_wconf 91' lang='lat' dir='ltr'><strong>uere</strong></span> <span class='ocrx_word' id='word_1_59' title='bbox 825 1248 1191 1327; x_wconf 88' lang='lat' dir='ltr'><strong>diceremus,</strong></span> <span class='ocrx_word' id='word_1_60' title='bbox 1227 1266 1369 1314; x_wconf 90' lang='lat' dir='ltr'><strong>cum</strong></span> <span class='ocrx_word' id='word_1_61' title='bbox 1401 1247 1677 1332; x_wconf 86' lang='lat' dir='ltr'><strong>ingentis</strong></span> <span class='ocrx_word' id='word_1_62' title='bbox 1710 1248 2129 1331; x_wconf 82' lang='lat' dir='ltr'><strong>corpulentiae</strong></span> <span class='ocrx_word' id='word_1_63' title='bbox 2159 1248 2592 1330; x_wconf 89' lang='lat' dir='ltr'><strong>pusillanimes</strong></span> <span class='ocrx_word' id='word_1_64' title='bbox 2620 1250 2897 1330; x_wconf 88' lang='lat' dir='ltr'><strong>plerum-</strong></span> 
     </span>
     <span class='ocr_line' id='line_1_9' title="bbox 635 1348 2899 1435; baseline -0.002 -19"><span class='ocrx_word' id='word_1_65' title='bbox 635 1369 754 1434; x_wconf 87' lang='lat' dir='ltr'><strong>que</strong></span> <span class='ocrx_word' id='word_1_66' title='bbox 799 1351 1098 1417; x_wconf 80' lang='lat' dir='ltr'><strong>dieamus.</strong></span> <span class='ocrx_word' id='word_1_67' title='bbox 1167 1350 1331 1417; x_wconf 92' lang='lat' dir='ltr'><strong>sicut</strong></span> <span class='ocrx_word' id='word_1_68' title='bbox 1377 1351 1643 1415; x_wconf 83' lang='lat' dir='ltr'><strong>dicimus</strong></span> <span class='ocrx_word' id='word_1_69' title='bbox 1694 1350 2150 1434; x_wconf 79' lang='lat' dir='ltr'><strong>‘magnanimus</strong></span> <span class='ocrx_word' id='word_1_70' title='bbox 2196 1351 2487 1435; x_wconf 81' lang='lat' dir='ltr'><strong>Moyses&#39;,</strong></span> <span class='ocrx_word' id='word_1_71' title='bbox 2534 1368 2677 1417; x_wconf 90' lang='lat' dir='ltr'><strong>cum</strong></span> <span class='ocrx_word' id='word_1_72' title='bbox 2720 1348 2899 1415; x_wconf 88' lang='lat' dir='ltr'><strong>rubri</strong></span> 
     </span>
     <span class='ocr_line' id='line_1_10' title="bbox 635 1452 2894 1538; baseline -0.001 -20"><span class='ocrx_word' id='word_1_73' title='bbox 635 1454 828 1519; x_wconf 88' lang='lat' dir='ltr'><strong>maris</strong></span> <span class='ocrx_word' id='word_1_74' title='bbox 872 1454 1010 1519; x_wconf 86' lang='lat' dir='ltr'><strong>uias</strong></span> <span class='ocrx_word' id='word_1_75' title='bbox 1055 1454 1400 1537; x_wconf 74' lang='lat' dir='ltr'><strong>Intrepidus</strong></span> <span class='ocrx_word' id='word_1_76' title='bbox 1445 1456 1666 1519; x_wconf 88' lang='lat' dir='ltr'><strong>ductor</strong></span> <span class='ocrx_word' id='word_1_77' title='bbox 1694 1453 1975 1538; x_wconf 87' lang='lat' dir='ltr'><strong>intrauit,</strong></span> <span class='ocrx_word' id='word_1_78' title='bbox 2025 1456 2088 1519; x_wconf 91' lang='lat' dir='ltr'><strong>et</strong></span> <span class='ocrx_word' id='word_1_79' title='bbox 2138 1454 2332 1535; x_wconf 87' lang='lat' dir='ltr'><strong>‘parui</strong></span> <span class='ocrx_word' id='word_1_80' title='bbox 2362 1456 2556 1520; x_wconf 88' lang='lat' dir='ltr'><strong>animi</strong></span> <span class='ocrx_word' id='word_1_81' title='bbox 2588 1452 2894 1537; x_wconf 85' lang='lat' dir='ltr'><strong>populus&#39;,</strong></span> 
     </span>
     <span class='ocr_line' id='line_1_11' title="bbox 634 1556 2973 1643; baseline -0.002 -20"><span class='ocrx_word' id='word_1_82' title='bbox 634 1558 745 1640; x_wconf 89' lang='lat' dir='ltr'><strong>qui</strong></span> <span class='ocrx_word' id='word_1_83' title='bbox 797 1556 913 1623; x_wconf 92' lang='lat' dir='ltr'><strong>hoc</strong></span> <span class='ocrx_word' id='word_1_84' title='bbox 968 1557 1176 1640; x_wconf 89' lang='lat' dir='ltr'><strong>ipsum</strong></span> <span class='ocrx_word' id='word_1_85' title='bbox 1228 1556 1611 1622; x_wconf 88' lang='lat' dir='ltr'><strong>facillimum</strong></span> <span class='ocrx_word' id='word_1_86' title='bbox 1667 1557 1906 1623; x_wconf 85' lang='lat' dir='ltr'><strong>factum</strong></span> <span class='ocrx_word' id='word_1_87' title='bbox 1964 1557 2093 1623; x_wconf 85' lang='lat' dir='ltr'><strong>fore</strong></span> <span class='ocrx_word' id='word_1_88' title='bbox 2152 1558 2261 1623; x_wconf 91' lang='lat' dir='ltr'><strong>deo</strong></span> <span class='ocrx_word' id='word_1_89' title='bbox 2316 1560 2727 1643; x_wconf 87' lang='lat' dir='ltr'><strong>promittente</strong></span> <span class='ocrx_word' id='word_1_90' title='bbox 2771 1575 2897 1623; x_wconf 89' lang='lat' dir='ltr'><strong>non</strong></span> <span class='ocrx_word' id='word_1_91' title='bbox 2922 1590 2973 1627; x_wconf 67' lang='grc' dir='ltr'>ω</span> 
     </span>
     <span class='ocr_line' id='line_1_12' title="bbox 635 1658 2899 1743; baseline -0.002 -17"><span class='ocrx_word' id='word_1_92' title='bbox 635 1660 920 1727; x_wconf 85' lang='lat' dir='ltr'><strong>credidit.</strong></span> <span class='ocrx_word' id='word_1_93' title='bbox 997 1679 1132 1726; x_wconf 90' lang='lat' dir='ltr'><strong>ecce</strong></span> <span class='ocrx_word' id='word_1_94' title='bbox 1176 1660 1390 1743; x_wconf 88' lang='lat' dir='ltr'><strong>populi</strong></span> <span class='ocrx_word' id='word_1_95' title='bbox 1434 1659 1631 1725; x_wconf 88' lang='lat' dir='ltr'><strong>totius</strong></span> <span class='ocrx_word' id='word_1_96' title='bbox 1676 1660 1884 1725; x_wconf 91' lang='lat' dir='ltr'><strong>animo</strong></span> <span class='ocrx_word' id='word_1_97' title='bbox 1931 1661 2117 1725; x_wconf 88' lang='lat' dir='ltr'><strong>unius</strong></span> <span class='ocrx_word' id='word_1_98' title='bbox 2147 1660 2418 1725; x_wconf 89' lang='lat' dir='ltr'><strong>hominis</strong></span> <span class='ocrx_word' id='word_1_99' title='bbox 2449 1663 2728 1726; x_wconf 86' lang='lat' dir='ltr'><strong>animum</strong></span> <span class='ocrx_word' id='word_1_100' title='bbox 2760 1658 2899 1723; x_wconf 87' lang='lat' dir='ltr'><strong>sine</strong></span> 
     </span>
     <span class='ocr_line' id='line_1_13' title="bbox 635 1760 2902 1847; baseline -0.002 -18"><span class='ocrx_word' id='word_1_101' title='bbox 635 1762 1052 1847; x_wconf 83' lang='lat' dir='ltr'><strong>ambiguitate</strong></span> <span class='ocrx_word' id='word_1_102' title='bbox 1097 1763 1395 1828; x_wconf 88' lang='lat' dir='ltr'><strong>maiorem</strong></span> <span class='ocrx_word' id='word_1_103' title='bbox 1434 1761 1745 1827; x_wconf 82' lang='lat' dir='ltr'><strong>&#39;uidelicet</strong></span> <span class='ocrx_word' id='word_1_104' title='bbox 1797 1762 2050 1838; x_wconf 87' lang='lat' dir='ltr'><strong>uirtute,</strong></span> <span class='ocrx_word' id='word_1_105' title='bbox 2097 1780 2220 1827; x_wconf 89' lang='lat' dir='ltr'><strong>non</strong></span> <span class='ocrx_word' id='word_1_106' title='bbox 2265 1764 2443 1839; x_wconf 90' lang='lat' dir='ltr'><strong>mole,</strong></span> <span class='ocrx_word' id='word_1_107' title='bbox 2506 1765 2798 1845; x_wconf 88' lang='lat' dir='ltr'><strong>quoniam</strong></span> <span class='ocrx_word' id='word_1_108' title='bbox 2838 1760 2902 1827; x_wconf 91' lang='lat' dir='ltr'><strong>si</strong></span> 
     </span>
     <span class='ocr_line' id='line_1_14' title="bbox 634 1865 2897 1947; baseline -0.001 -16"><span class='ocrx_word' id='word_1_109' title='bbox 634 1867 818 1945; x_wconf 89' lang='lat' dir='ltr'><strong>mole,</strong></span> <span class='ocrx_word' id='word_1_110' title='bbox 875 1866 1076 1932; x_wconf 85' lang='lat' dir='ltr'><strong>maior</strong></span> <span class='ocrx_word' id='word_1_111' title='bbox 1127 1866 1320 1931; x_wconf 89' lang='lat' dir='ltr'><strong>moles</strong></span> <span class='ocrx_word' id='word_1_112' title='bbox 1381 1865 1542 1931; x_wconf 90' lang='lat' dir='ltr'><strong>esset</strong></span> <span class='ocrx_word' id='word_1_113' title='bbox 1598 1866 1703 1930; x_wconf 91' lang='lat' dir='ltr'><strong>uel</strong></span> <span class='ocrx_word' id='word_1_114' title='bbox 1756 1868 2020 1930; x_wconf 88' lang='lat' dir='ltr'><strong>duarum</strong></span> <span class='ocrx_word' id='word_1_115' title='bbox 2064 1867 2413 1931; x_wconf 87' lang='lat' dir='ltr'><strong>animarum</strong></span> <span class='ocrx_word' id='word_1_116' title='bbox 2457 1884 2644 1947; x_wconf 88' lang='lat' dir='ltr'><strong>quam</strong></span> <span class='ocrx_word' id='word_1_117' title='bbox 2691 1868 2897 1946; x_wconf 90' lang='lat' dir='ltr'><strong>unius,</strong></span> 
     </span>
     <span class='ocr_line' id='line_1_15' title="bbox 631 1968 2897 2052; baseline -0.002 -17"><span class='ocrx_word' id='word_1_118' title='bbox 631 1987 761 2045; x_wconf 82' lang='lat' dir='ltr'><strong>non</strong></span> <span class='ocrx_word' id='word_1_119' title='bbox 805 1970 940 2034; x_wconf 90' lang='lat' dir='ltr'><strong>dico</strong></span> <span class='ocrx_word' id='word_1_120' title='bbox 985 1968 1350 2035; x_wconf 90' lang='lat' dir='ltr'><strong>multarum.</strong></span> <span class='ocrx_word' id='word_1_121' title='bbox 1427 1969 1522 2032; x_wconf 88' lang='lat' dir='ltr'><strong>est</strong></span> <span class='ocrx_word' id='word_1_122' title='bbox 1567 1986 1712 2052; x_wconf 88' lang='lat' dir='ltr'><strong>ergo</strong></span> <span class='ocrx_word' id='word_1_123' title='bbox 1757 1971 1821 2033; x_wconf 92' lang='lat' dir='ltr'><strong>in</strong></span> <span class='ocrx_word' id='word_1_124' title='bbox 1870 1970 2081 2034; x_wconf 88' lang='lat' dir='ltr'><strong>anima</strong></span> <span class='ocrx_word' id='word_1_125' title='bbox 2110 1969 2403 2050; x_wconf 86' lang='lat' dir='ltr'><strong>qualitas,</strong></span> <span class='ocrx_word' id='word_1_126' title='bbox 2436 1969 2545 2033; x_wconf 88' lang='lat' dir='ltr'><strong>sed</strong></span> <span class='ocrx_word' id='word_1_127' title='bbox 2580 1970 2897 2050; x_wconf 80' lang='lat' dir='ltr'><strong>quantitas</strong></span> 
     </span>
     <span class='ocr_line' id='line_1_16' title="bbox 635 2069 2965 2155; baseline 0 -19"><span class='ocrx_word' id='word_1_128' title='bbox 635 2090 760 2137; x_wconf 92' lang='lat' dir='ltr'><strong>non</strong></span> <span class='ocrx_word' id='word_1_129' title='bbox 805 2075 920 2149; x_wconf 86' lang='lat' dir='ltr'><strong>est,</strong></span> <span class='ocrx_word' id='word_1_130' title='bbox 977 2072 1267 2153; x_wconf 90' lang='lat' dir='ltr'><strong>quoniam</strong></span> <span class='ocrx_word' id='word_1_131' title='bbox 1313 2071 1475 2155; x_wconf 88' lang='lat' dir='ltr'><strong>quod</strong></span> <span class='ocrx_word' id='word_1_132' title='bbox 1519 2071 1877 2136; x_wconf 84' lang='lat' dir='ltr'><strong>adfectuum</strong></span> <span class='ocrx_word' id='word_1_133' title='bbox 1924 2071 2341 2138; x_wconf 87' lang='lat' dir='ltr'><strong>mutabilitati</strong></span> <span class='ocrx_word' id='word_1_134' title='bbox 2378 2071 2661 2135; x_wconf 89' lang='lat' dir='ltr'><strong>subiacet</strong></span> <span class='ocrx_word' id='word_1_135' title='bbox 2694 2069 2893 2153; x_wconf 84' lang='lat' dir='ltr'><strong>quali·</strong></span> <span class='ocrx_word' id='word_1_136' title='bbox 2918 2095 2965 2137; x_wconf 70' lang='grc' dir='ltr'><strong>ιε</strong></span> 
     </span>
     <span class='ocr_line' id='line_1_17' title="bbox 632 2173 2897 2259; baseline -0.001 -19"><span class='ocrx_word' id='word_1_137' title='bbox 632 2177 828 2240; x_wconf 86' lang='lat' dir='ltr'><strong>tatem</strong></span> <span class='ocrx_word' id='word_1_138' title='bbox 873 2175 1114 2259; x_wconf 86' lang='lat' dir='ltr'><strong>recipit,</strong></span> <span class='ocrx_word' id='word_1_139' title='bbox 1163 2176 1323 2257; x_wconf 86' lang='lat' dir='ltr'><strong>quod</strong></span> <span class='ocrx_word' id='word_1_140' title='bbox 1367 2193 1514 2239; x_wconf 87' lang='lat' dir='ltr'><strong>uero</strong></span> <span class='ocrx_word' id='word_1_141' title='bbox 1562 2194 1684 2239; x_wconf 89' lang='lat' dir='ltr'><strong>non</strong></span> <span class='ocrx_word' id='word_1_142' title='bbox 1730 2174 1915 2239; x_wconf 90' lang='lat' dir='ltr'><strong>habet</strong></span> <span class='ocrx_word' id='word_1_143' title='bbox 1961 2174 2209 2253; x_wconf 90' lang='lat' dir='ltr'><strong>molem,</strong></span> <span class='ocrx_word' id='word_1_144' title='bbox 2254 2193 2379 2240; x_wconf 89' lang='lat' dir='ltr'><strong>non</strong></span> <span class='ocrx_word' id='word_1_145' title='bbox 2423 2175 2615 2240; x_wconf 88' lang='lat' dir='ltr'><strong>habet</strong></span> <span class='ocrx_word' id='word_1_146' title='bbox 2646 2173 2897 2258; x_wconf 89' lang='lat' dir='ltr'><strong>quanti·</strong></span> 
     </span>
     <span class='ocr_line' id='line_1_18' title="bbox 634 2278 2897 2362; baseline -0.002 -16"><span class='ocrx_word' id='word_1_147' title='bbox 634 2281 855 2346; x_wconf 81' lang='lat' dir='ltr'><strong>tatem.</strong></span> <span class='ocrx_word' id='word_1_148' title='bbox 930 2279 1076 2343; x_wconf 88' lang='lat' dir='ltr'><strong>hinc</strong></span> <span class='ocrx_word' id='word_1_149' title='bbox 1137 2279 1230 2343; x_wconf 91' lang='lat' dir='ltr'><strong>est</strong></span> <span class='ocrx_word' id='word_1_150' title='bbox 1290 2278 1452 2362; x_wconf 88' lang='lat' dir='ltr'><strong>quod</strong></span> <span class='ocrx_word' id='word_1_151' title='bbox 1510 2279 1810 2343; x_wconf 87' lang='lat' dir='ltr'><strong>emoriens</strong></span> <span class='ocrx_word' id='word_1_152' title='bbox 1867 2296 2049 2343; x_wconf 88' lang='lat' dir='ltr'><strong>omne</strong></span> <span class='ocrx_word' id='word_1_153' title='bbox 2108 2295 2329 2360; x_wconf 90' lang='lat' dir='ltr'><strong>corpus</strong></span> <span class='ocrx_word' id='word_1_154' title='bbox 2374 2278 2732 2343; x_wconf 88' lang='lat' dir='ltr'><strong>animatum</strong></span> <span class='ocrx_word' id='word_1_155' title='bbox 2774 2296 2897 2342; x_wconf 90' lang='lat' dir='ltr'><strong>non</strong></span> 
     </span>
     <span class='ocr_line' id='line_1_19' title="bbox 636 2381 2898 2465; baseline -0.002 -17"><span class='ocrx_word' id='word_1_156' title='bbox 636 2382 878 2448; x_wconf 87' lang='lat' dir='ltr'><strong>amittit</strong></span> <span class='ocrx_word' id='word_1_157' title='bbox 931 2384 1225 2461; x_wconf 89' lang='lat' dir='ltr'><strong>animam,</strong></span> <span class='ocrx_word' id='word_1_158' title='bbox 1283 2382 1392 2447; x_wconf 90' lang='lat' dir='ltr'><strong>sed</strong></span> <span class='ocrx_word' id='word_1_159' title='bbox 1450 2381 1741 2459; x_wconf 89' lang='lat' dir='ltr'><strong>dimittit,</strong></span> <span class='ocrx_word' id='word_1_160' title='bbox 1807 2382 1955 2463; x_wconf 89' lang='lat' dir='ltr'><strong>quia</strong></span> <span class='ocrx_word' id='word_1_161' title='bbox 2010 2399 2134 2445; x_wconf 85' lang='lat' dir='ltr'><strong>non</strong></span> <span class='ocrx_word' id='word_1_162' title='bbox 2194 2381 2513 2465; x_wconf 88' lang='lat' dir='ltr'><strong>egreditur</strong></span> <span class='ocrx_word' id='word_1_163' title='bbox 2566 2384 2726 2464; x_wconf 90' lang='lat' dir='ltr'><strong>quod</strong></span> <span class='ocrx_word' id='word_1_164' title='bbox 2772 2398 2898 2444; x_wconf 90' lang='lat' dir='ltr'><strong>non</strong></span> 
     </span>
     <span class='ocr_line' id='line_1_20' title="bbox 633 2484 2895 2568; baseline -0.003 -16"><span class='ocrx_word' id='word_1_165' title='bbox 633 2485 999 2561; x_wconf 88' lang='lat' dir='ltr'><strong>includitur,</strong></span> <span class='ocrx_word' id='word_1_166' title='bbox 1055 2503 1167 2552; x_wconf 87' lang='lat' dir='ltr'><strong>nec</strong></span> <span class='ocrx_word' id='word_1_167' title='bbox 1222 2484 1538 2551; x_wconf 88' lang='lat' dir='ltr'><strong>amittitur</strong></span> <span class='ocrx_word' id='word_1_168' title='bbox 1596 2487 1759 2568; x_wconf 89' lang='lat' dir='ltr'><strong>quod</strong></span> <span class='ocrx_word' id='word_1_169' title='bbox 1804 2502 1925 2550; x_wconf 89' lang='lat' dir='ltr'><strong>non</strong></span> <span class='ocrx_word' id='word_1_170' title='bbox 1971 2487 2240 2552; x_wconf 89' lang='lat' dir='ltr'><strong>tenetur.</strong></span> <span class='ocrx_word' id='word_1_171' title='bbox 2314 2484 2369 2550; x_wconf 89' lang='lat' dir='ltr'><strong>si</strong></span> <span class='ocrx_word' id='word_1_172' title='bbox 2414 2484 2585 2551; x_wconf 91' lang='lat' dir='ltr'><strong>enim</strong></span> <span class='ocrx_word' id='word_1_173' title='bbox 2628 2484 2895 2562; x_wconf 87' lang='lat' dir='ltr'><strong>tenetur,</strong></span> 
     </span>
     <span class='ocr_line' id='line_1_21' title="bbox 639 2588 2969 2671; baseline 0.002 -18"><span class='ocrx_word' id='word_1_174' title='bbox 639 2608 762 2654; x_wconf 90' lang='lat' dir='ltr'><strong>non</strong></span> <span class='ocrx_word' id='word_1_175' title='bbox 809 2588 1144 2671; x_wconf 84' lang='lat' dir='ltr'><strong>amittitur,</strong></span> <span class='ocrx_word' id='word_1_176' title='bbox 1190 2593 1252 2653; x_wconf 92' lang='lat' dir='ltr'><strong>et</strong></span> <span class='ocrx_word' id='word_1_177' title='bbox 1283 2589 1340 2653; x_wconf 91' lang='lat' dir='ltr'><strong>si</strong></span> <span class='ocrx_word' id='word_1_178' title='bbox 1372 2606 1493 2653; x_wconf 93' lang='lat' dir='ltr'><strong>non</strong></span> <span class='ocrx_word' id='word_1_179' title='bbox 1539 2589 1953 2666; x_wconf 88' lang='lat' dir='ltr'><strong>amitteretur,</strong></span> <span class='ocrx_word' id='word_1_180' title='bbox 1998 2607 2118 2653; x_wconf 93' lang='lat' dir='ltr'><strong>non</strong></span> <span class='ocrx_word' id='word_1_181' title='bbox 2152 2589 2515 2666; x_wconf 88' lang='lat' dir='ltr'><strong>moreretur,</strong></span> <span class='ocrx_word' id='word_1_182' title='bbox 2582 2588 2745 2652; x_wconf 91' lang='lat' dir='ltr'><strong>unde</strong></span> <span class='ocrx_word' id='word_1_183' title='bbox 2778 2607 2969 2658; x_wconf 67' lang='lat' dir='ltr'><strong>nonno</strong></span> 
     </span>
     <span class='ocr_line' id='line_1_22' title="bbox 637 2690 2025 2776; baseline 0.001 -21"><span class='ocrx_word' id='word_1_184' title='bbox 637 2691 896 2776; x_wconf 89' lang='lat' dir='ltr'><strong>poetice,</strong></span> <span class='ocrx_word' id='word_1_185' title='bbox 941 2691 1048 2756; x_wconf 88' lang='lat' dir='ltr'><strong>sed</strong></span> <span class='ocrx_word' id='word_1_186' title='bbox 1092 2691 1512 2774; x_wconf 87' lang='lat' dir='ltr'><strong>philosophice</strong></span> <span class='ocrx_word' id='word_1_187' title='bbox 1557 2690 1855 2774; x_wconf 88' lang='lat' dir='ltr'><strong>Papinius</strong></span> <span class='ocrx_word' id='word_1_188' title='bbox 1900 2692 2025 2756; x_wconf 84' lang='lat' dir='ltr'><strong>ait:</strong></span> 
     </span>
    </p>
   </div>
   <div class='ocr_carea' id='block_1_3' title="bbox 637 2979 2909 3223">
    <p class='ocr_par' dir='ltr' id='par_1_3' title="bbox 637 2979 2909 3223">
     <span class='ocr_line' id='line_1_23' title="bbox 741 2979 2904 3050; baseline -0.001 -15"><span class='ocrx_word' id='word_1_189' title='bbox 741 2983 776 3035; x_wconf 79' lang='lat'><strong>2</strong></span> <span class='ocrx_word' id='word_1_190' title='bbox 812 2982 870 3035; x_wconf 94' lang='lat' dir='ltr'><strong>in</strong></span> <span class='ocrx_word' id='word_1_191' title='bbox 907 2981 1102 3050; x_wconf 84' lang='lat' dir='ltr'><strong>crasso]</strong></span> <span class='ocrx_word' id='word_1_192' title='bbox 1142 2981 1386 3049; x_wconf 85' lang='lat' dir='ltr'><strong>ingressu</strong></span> <span class='ocrx_word' id='word_1_193' title='bbox 1421 2981 1478 3037; x_wconf 86' lang='lat' dir='ltr'><em>R</em></span> <span class='ocrx_word' id='word_1_194' title='bbox 1654 2981 1689 3036; x_wconf 88' lang='lat'><strong>3</strong></span> <span class='ocrx_word' id='word_1_195' title='bbox 1724 2995 1851 3035; x_wconf 83' lang='lat' dir='ltr'><strong>nam</strong></span> <span class='ocrx_word' id='word_1_196' title='bbox 1884 2981 2016 3048; x_wconf 88' lang='lat' dir='ltr'><strong>Mb,</strong></span> <span class='ocrx_word' id='word_1_197' title='bbox 2074 2980 2187 3035; x_wconf 86' lang='lat' dir='ltr'><strong>iam</strong></span> <span class='ocrx_word' id='word_1_198' title='bbox 2223 2980 2499 3036; x_wconf 67' lang='lat' dir='ltr'><strong>Bau-thius</strong></span> <span class='ocrx_word' id='word_1_199' title='bbox 2674 2979 2904 3048; x_wconf 86' lang='lat' dir='ltr'><strong>animae}</strong></span> 
     </span>
     <span class='ocr_line' id='line_1_24' title="bbox 637 3066 2909 3136; baseline -0.001 -14"><span class='ocrx_word' id='word_1_200' title='bbox 637 3083 751 3122; x_wconf 88' lang='lat' dir='ltr'><strong>non</strong></span> <span class='ocrx_word' id='word_1_201' title='bbox 788 3067 918 3122; x_wconf 78' lang='lat' dir='ltr'><strong>add.</strong></span> <span class='ocrx_word' id='word_1_202' title='bbox 955 3066 1069 3122; x_wconf 89' lang='lat' dir='ltr'><strong>Mb</strong></span> <span class='ocrx_word' id='word_1_203' title='bbox 1273 3067 1310 3120; x_wconf 82' lang='lat'>4</span> <span class='ocrx_word' id='word_1_204' title='bbox 1353 3067 1463 3120; x_wconf 88' lang='lat' dir='ltr'><strong>nisi</strong></span> <span class='ocrx_word' id='word_1_205' title='bbox 1499 3067 1773 3124; x_wconf 77' lang='lat' dir='ltr'><strong>Barthius</strong></span> <span class='ocrx_word' id='word_1_206' title='bbox 1978 3069 2011 3122; x_wconf 89' lang='grc'><strong>5</strong></span> <span class='ocrx_word' id='word_1_207' title='bbox 2059 3068 2184 3136; x_wconf 85' lang='lat' dir='ltr'><strong>erit}</strong></span> <span class='ocrx_word' id='word_1_208' title='bbox 2222 3069 2307 3122; x_wconf 83' lang='lat' dir='ltr'><strong>est</strong></span> <span class='ocrx_word' id='word_1_209' title='bbox 2353 3066 2467 3122; x_wconf 81' lang='lat' dir='ltr'><strong>HS</strong></span> <span class='ocrx_word' id='word_1_210' title='bbox 2666 3067 2909 3136; x_wconf 77' lang='lat' dir='ltr'><strong>capacior</strong></span> 
     </span>
     <span class='ocr_line' id='line_1_25' title="bbox 638 3152 2907 3223; baseline -0.001 -15"><span class='ocrx_word' id='word_1_211' title='bbox 638 3155 746 3208; x_wconf 84' lang='lat' dir='ltr'><strong>erit</strong></span> <span class='ocrx_word' id='word_1_212' title='bbox 779 3154 891 3209; x_wconf 90' lang='lat' dir='ltr'><strong>Mb</strong></span> <span class='ocrx_word' id='word_1_213' title='bbox 1097 3153 1132 3208; x_wconf 90' lang='grc'><strong>6</strong></span> <span class='ocrx_word' id='word_1_214' title='bbox 1168 3152 1455 3223; x_wconf 86' lang='lat' dir='ltr'><strong>perexigua</strong></span> <span class='ocrx_word' id='word_1_215' title='bbox 1490 3153 1602 3207; x_wconf 83' lang='grc' dir='ltr'><strong>ΑΒ</strong></span> <span class='ocrx_word' id='word_1_216' title='bbox 1809 3152 2213 3223; x_wconf 85' lang='lat' dir='ltr'><strong>magnanimum</strong></span> <span class='ocrx_word' id='word_1_217' title='bbox 2253 3152 2355 3222; x_wconf 62' lang='grc' dir='ltr'><strong>(ἢ)</strong></span> <span class='ocrx_word' id='word_1_218' title='bbox 2562 3153 2596 3207; x_wconf 81' lang='grc'><strong>7</strong></span> <span class='ocrx_word' id='word_1_219' title='bbox 2632 3152 2907 3222; x_wconf 82' lang='lat' dir='ltr'><strong>corpulen-</strong></span> 
     </span>
    </p>
   </div>
   <div class='ocr_carea' id='block_1_4' title="bbox 635 3247 2909 3688">
    <p class='ocr_par' dir='ltr' id='par_1_4' title="bbox 635 3247 2909 3688">
     <span class='ocr_line' id='line_1_26' title="bbox 637 3247 2771 3344; baseline 0 -16"><span class='ocrx_word' id='word_1_220' title='bbox 637 3277 728 3328; x_wconf 84' lang='lat' dir='ltr'><strong>tae</strong></span> <span class='ocrx_word' id='word_1_221' title='bbox 752 3274 825 3339; x_wconf 89' lang='lat' dir='ltr'><strong>B,</strong></span> <span class='ocrx_word' id='word_1_222' title='bbox 881 3247 1212 3344; x_wconf 73' lang='lat' dir='ltr'><strong>co&#39;pulentiae</strong></span> <span class='ocrx_word' id='word_1_223' title='bbox 1237 3274 1286 3329; x_wconf 73' lang='lat' dir='ltr'><strong><em>S</em></strong></span> <span class='ocrx_word' id='word_1_224' title='bbox 1469 3275 1847 3344; x_wconf 85' lang='lat' dir='ltr'><strong>pusillanimos</strong></span> <span class='ocrx_word' id='word_1_225' title='bbox 1872 3275 2006 3330; x_wconf 70' lang='lat' dir='ltr'><strong>libri</strong></span> <span class='ocrx_word' id='word_1_226' title='bbox 2020 3281 2250 3343; x_wconf 73' lang='lat' dir='ltr'><strong>praeter</strong></span> <span class='ocrx_word' id='word_1_227' title='bbox 2272 3275 2345 3330; x_wconf 93' lang='lat' dir='ltr'><strong>M</strong></span> <span class='ocrx_word' id='word_1_228' title='bbox 2354 3275 2385 3328; x_wconf 84' lang='lat' dir='ltr'><strong>b</strong></span> <span class='ocrx_word' id='word_1_229' title='bbox 2411 3280 2464 3330; x_wconf 81' lang='lat' dir='ltr'><strong>et</strong></span> <span class='ocrx_word' id='word_1_230' title='bbox 2490 3273 2771 3330; x_wconf 78' lang='lat' dir='ltr'><strong>Schottum</strong></span> 
     </span>
     <span class='ocr_line' id='line_1_27' title="bbox 639 3361 2776 3431; baseline -0.001 -15"><span class='ocrx_word' id='word_1_231' title='bbox 639 3363 676 3416; x_wconf 89' lang='lat'>8</span> <span class='ocrx_word' id='word_1_232' title='bbox 711 3361 1091 3431; x_wconf 85' lang='lat' dir='ltr'><strong>magnanimus</strong></span> <span class='ocrx_word' id='word_1_233' title='bbox 1126 3362 1184 3426; x_wconf 88' lang='lat' dir='ltr'><strong>b,</strong></span> <span class='ocrx_word' id='word_1_234' title='bbox 1238 3362 1639 3430; x_wconf 86' lang='lat' dir='ltr'><strong>magnianimus</strong></span> <span class='ocrx_word' id='word_1_235' title='bbox 1676 3361 1775 3427; x_wconf 90' lang='lat' dir='ltr'><strong>M,</strong></span> <span class='ocrx_word' id='word_1_236' title='bbox 1836 3376 2067 3428; x_wconf 86' lang='lat' dir='ltr'><strong>magnus</strong></span> <span class='ocrx_word' id='word_1_237' title='bbox 2101 3361 2315 3415; x_wconf 89' lang='lat' dir='ltr'><strong>animus</strong></span> <span class='ocrx_word' id='word_1_238' title='bbox 2350 3361 2469 3415; x_wconf 82' lang='lat' dir='ltr'><strong>rell.</strong></span> <span class='ocrx_word' id='word_1_239' title='bbox 2506 3376 2631 3416; x_wconf 81' lang='lat' dir='ltr'><strong>cum</strong></span> <span class='ocrx_word' id='word_1_240' title='bbox 2665 3361 2776 3415; x_wconf 81' lang='lat' dir='ltr'><strong>PT</strong></span> 
     </span>
     <span class='ocr_line' id='line_1_28' title="bbox 641 3446 2909 3516; baseline -0.001 -15"><span class='ocrx_word' id='word_1_241' title='bbox 641 3463 848 3516; x_wconf 84' lang='lat' dir='ltr'><strong>moyses</strong></span> <span class='ocrx_word' id='word_1_242' title='bbox 893 3447 1004 3502; x_wconf 89' lang='lat' dir='ltr'><strong>Mb</strong></span> <span class='ocrx_word' id='word_1_243' title='bbox 1031 3446 1177 3514; x_wconf 66' lang='lat' dir='ltr'><strong>Sela,</strong></span> <span class='ocrx_word' id='word_1_244' title='bbox 1236 3449 1437 3516; x_wconf 82' lang='lat' dir='ltr'><strong>moysei</strong></span> <span class='ocrx_word' id='word_1_245' title='bbox 1480 3447 1709 3512; x_wconf 78' lang='lat' dir='ltr'><strong>OHRS,</strong></span> <span class='ocrx_word' id='word_1_246' title='bbox 1768 3447 1946 3516; x_wconf 82' lang='lat' dir='ltr'><strong>moysi</strong></span> <span class='ocrx_word' id='word_1_247' title='bbox 1979 3448 2095 3502; x_wconf 80' lang='lat' dir='ltr'><strong>rell.</strong></span> <span class='ocrx_word' id='word_1_248' title='bbox 2134 3463 2257 3502; x_wconf 77' lang='lat' dir='ltr'><strong>cum</strong></span> <span class='ocrx_word' id='word_1_249' title='bbox 2290 3447 2403 3502; x_wconf 84' lang='grc' dir='ltr'><strong>ΡΤ</strong></span> <span class='ocrx_word' id='word_1_250' title='bbox 2604 3451 2637 3503; x_wconf 88' lang='grc'><strong>9</strong></span> <span class='ocrx_word' id='word_1_251' title='bbox 2684 3446 2909 3516; x_wconf 87' lang='lat' dir='ltr'><strong>populos</strong></span> 
     </span>
     <span class='ocr_line' id='line_1_29' title="bbox 639 3531 2909 3602; baseline -0 -15"><span class='ocrx_word' id='word_1_252' title='bbox 639 3533 946 3590; x_wconf 77' lang='lat' dir='ltr'><strong><em>ABOH¹R</em></strong></span> <span class='ocrx_word' id='word_1_253' title='bbox 1170 3533 1236 3587; x_wconf 92' lang='lat'><strong>10</strong></span> <span class='ocrx_word' id='word_1_254' title='bbox 1280 3533 1486 3588; x_wconf 84' lang='lat' dir='ltr'><strong>factum</strong></span> <span class='ocrx_word' id='word_1_255' title='bbox 1530 3531 1965 3600; x_wconf 65' lang='lat' dir='ltr'><strong>PGHMRSb,</strong></span> <span class='ocrx_word' id='word_1_256' title='bbox 2024 3533 2171 3602; x_wconf 74' lang='lat' dir='ltr'><strong>quod</strong></span> <span class='ocrx_word' id='word_1_257' title='bbox 2214 3531 2466 3598; x_wconf 75' lang='lat' dir='ltr'><strong>defendit</strong></span> <span class='ocrx_word' id='word_1_258' title='bbox 2511 3533 2677 3587; x_wconf 75' lang='lat' dir='ltr'><strong>etiam</strong></span> <span class='ocrx_word' id='word_1_259' title='bbox 2722 3531 2909 3587; x_wconf 78' lang='lat' dir='ltr'><strong>Schot-</strong></span> 
     </span>
     <span class='ocr_line' id='line_1_30' title="bbox 635 3617 2777 3688; baseline -0.002 -12"><span class='ocrx_word' id='word_1_260' title='bbox 635 3626 731 3676; x_wconf 65' lang='grc' dir='ltr'><strong>ταῦ</strong></span> <span class='ocrx_word' id='word_1_261' title='bbox 781 3621 845 3673; x_wconf 74' lang='lat' dir='ltr'><strong>in</strong></span> <span class='ocrx_word' id='word_1_262' title='bbox 895 3619 1068 3684; x_wconf 72' lang='lat' dir='ltr'><strong>notis,</strong></span> <span class='ocrx_word' id='word_1_263' title='bbox 1137 3618 1287 3674; x_wconf 82' lang='lat' dir='ltr'><strong>factu</strong></span> <span class='ocrx_word' id='word_1_264' title='bbox 1338 3619 1456 3673; x_wconf 81' lang='lat' dir='ltr'><strong>rell.</strong></span> <span class='ocrx_word' id='word_1_265' title='bbox 1698 3618 1917 3688; x_wconf 88' lang='lat' dir='ltr'><strong>factum]</strong></span> <span class='ocrx_word' id='word_1_266' title='bbox 1972 3634 2085 3674; x_wconf 87' lang='lat' dir='ltr'><strong>esse</strong></span> <span class='ocrx_word' id='word_1_267' title='bbox 2138 3618 2269 3674; x_wconf 82' lang='lat' dir='ltr'><strong>add.</strong></span> <span class='ocrx_word' id='word_1_268' title='bbox 2322 3617 2777 3675; x_wconf 81' lang='lat' dir='ltr'><strong><em>ABDEFHRS</em></strong></span> 
     </span>
    </p>
   </div>
   <div class='ocr_carea' id='block_1_5' title="bbox 635 3730 2909 3828">
    <p class='ocr_par' dir='ltr' id='par_1_5' title="bbox 635 3730 2909 3828">
     <span class='ocr_line' id='line_1_31' title="bbox 635 3730 2909 3828; baseline -0.002 -13"><span class='ocrx_word' id='word_1_269' title='bbox 635 3759 753 3815; x_wconf 83' lang='lat' dir='ltr'><strong>fore</strong></span> <span class='ocrx_word' id='word_1_270' title='bbox 790 3774 893 3814; x_wconf 89' lang='lat' dir='ltr'><strong>om.</strong></span> <span class='ocrx_word' id='word_1_271' title='bbox 926 3757 1106 3812; x_wconf 79' lang='lat' dir='ltr'><strong>DEF</strong></span> <span class='ocrx_word' id='word_1_272' title='bbox 1308 3756 1374 3811; x_wconf 91' lang='grc'><strong>10</strong></span> <span class='ocrx_word' id='word_1_273' title='bbox 1413 3758 1703 3828; x_wconf 72' lang='lat' dir='ltr'><strong>pmittente</strong></span> <span class='ocrx_word' id='word_1_274' title='bbox 1738 3758 1814 3811; x_wconf 87' lang='grc' dir='ltr'><strong>Μ</strong></span> <span class='ocrx_word' id='word_1_275' title='bbox 1821 3758 1853 3812; x_wconf 88' lang='lat' dir='ltr'><strong>b</strong></span> <span class='ocrx_word' id='word_1_276' title='bbox 2061 3759 2124 3812; x_wconf 91' lang='lat'><strong>11</strong></span> <span class='ocrx_word' id='word_1_277' title='bbox 2170 3758 2344 3812; x_wconf 89' lang='lat' dir='ltr'><strong>tocius</strong></span> <span class='ocrx_word' id='word_1_278' title='bbox 2395 3757 2521 3814; x_wconf 76' lang='lat' dir='ltr'><strong>GM</strong></span> <span class='ocrx_word' id='word_1_279' title='bbox 2728 3730 2909 3812; x_wconf 59' lang='lat' dir='ltr'><strong>animo</strong></span> 
     </span>
    </p>
   </div>
   <div class='ocr_carea' id='block_1_6' title="bbox 633 3859 2911 4446">
    <p class='ocr_par' dir='ltr' id='par_1_6' title="bbox 638 3859 2907 4104">
     <span class='ocr_line' id='line_1_32' title="bbox 639 3859 2907 3932; baseline -0.002 -14"><span class='ocrx_word' id='word_1_280' title='bbox 639 3862 689 3918; x_wconf 77' lang='lat' dir='ltr'><strong><em>S</em></strong></span> <span class='ocrx_word' id='word_1_281' title='bbox 887 3861 1068 3916; x_wconf 88' lang='lat' dir='ltr'><strong>animo</strong></span> <span class='ocrx_word' id='word_1_282' title='bbox 1122 3859 1170 3915; x_wconf 79' lang='lat' dir='ltr'><strong><em>S</em></strong></span> <span class='ocrx_word' id='word_1_283' title='bbox 1390 3861 1454 3914; x_wconf 85' lang='lat'><strong>12</strong></span> <span class='ocrx_word' id='word_1_284' title='bbox 1500 3861 1776 3932; x_wconf 87' lang='lat' dir='ltr'><strong>maiorem]</strong></span> <span class='ocrx_word' id='word_1_285' title='bbox 1826 3860 2055 3916; x_wconf 80' lang='lat' dir='ltr'><strong>dicimus</strong></span> <span class='ocrx_word' id='word_1_286' title='bbox 2102 3861 2236 3916; x_wconf 81' lang='lat' dir='ltr'><strong>add.</strong></span> <span class='ocrx_word' id='word_1_287' title='bbox 2284 3860 2407 3916; x_wconf 68' lang='grc' dir='ltr'><strong>Βοὴ.</strong></span> <span class='ocrx_word' id='word_1_288' title='bbox 2636 3862 2702 3916; x_wconf 85' lang='grc'><strong>13</strong></span> <span class='ocrx_word' id='word_1_289' title='bbox 2747 3861 2907 3916; x_wconf 84' lang='lat' dir='ltr'><strong>molis</strong></span> 
     </span>
     <span class='ocr_line' id='line_1_33' title="bbox 639 3946 2906 4017; baseline -0.002 -13"><span class='ocrx_word' id='word_1_290' title='bbox 639 3946 1132 4004; x_wconf 78' lang='lat' dir='ltr'><strong>ABGG¹H¹MRb</strong></span> <span class='ocrx_word' id='word_1_291' title='bbox 1329 3949 1470 4001; x_wconf 82' lang='lat' dir='ltr'><strong>esset</strong></span> <span class='ocrx_word' id='word_1_292' title='bbox 1504 3963 1606 4002; x_wconf 85' lang='lat' dir='ltr'><strong>om.</strong></span> <span class='ocrx_word' id='word_1_293' title='bbox 1641 3947 1770 4004; x_wconf 73' lang='lat' dir='ltr'><strong>libri</strong></span> <span class='ocrx_word' id='word_1_294' title='bbox 1796 3953 2027 4017; x_wconf 76' lang='lat' dir='ltr'><strong>praeter</strong></span> <span class='ocrx_word' id='word_1_295' title='bbox 2061 3947 2173 4002; x_wconf 89' lang='lat' dir='ltr'><strong>Mb</strong></span> <span class='ocrx_word' id='word_1_296' title='bbox 2208 3953 2261 4002; x_wconf 80' lang='lat' dir='ltr'><strong>et</strong></span> <span class='ocrx_word' id='word_1_297' title='bbox 2297 3947 2415 4002; x_wconf 70' lang='grc' dir='ltr'><strong>Βοὴ.</strong></span> <span class='ocrx_word' id='word_1_298' title='bbox 2630 3949 2703 4004; x_wconf 84' lang='grc'><strong>15</strong></span> <span class='ocrx_word' id='word_1_299' title='bbox 2736 3947 2906 4016; x_wconf 84' lang='lat' dir='ltr'><strong>quod]</strong></span> 
     </span>
     <span class='ocr_line' id='line_1_34' title="bbox 638 4034 2773 4104; baseline 0.001 -14"><span class='ocrx_word' id='word_1_300' title='bbox 638 4036 690 4091; x_wconf 84' lang='lat' dir='ltr'><strong>si</strong></span> <span class='ocrx_word' id='word_1_301' title='bbox 723 4034 955 4090; x_wconf 78' lang='lat' dir='ltr'><strong><em>BDEF</em></strong></span> <span class='ocrx_word' id='word_1_302' title='bbox 1129 4034 1500 4090; x_wconf 82' lang='lat' dir='ltr'><strong>mutabilitate</strong></span> <span class='ocrx_word' id='word_1_303' title='bbox 1533 4036 1645 4090; x_wconf 79' lang='lat' dir='ltr'><strong>AB</strong></span> <span class='ocrx_word' id='word_1_304' title='bbox 1834 4035 1897 4090; x_wconf 76' lang='lat'><strong>17</strong></span> <span class='ocrx_word' id='word_1_305' title='bbox 1934 4035 2231 4091; x_wconf 82' lang='lat' dir='ltr'><strong>demoriens</strong></span> <span class='ocrx_word' id='word_1_306' title='bbox 2269 4036 2342 4104; x_wconf 87' lang='lat' dir='ltr'><strong>(ri</strong></span> <span class='ocrx_word' id='word_1_307' title='bbox 2362 4036 2430 4090; x_wconf 71' lang='lat' dir='ltr'><strong>in</strong></span> <span class='ocrx_word' id='word_1_308' title='bbox 2448 4038 2679 4104; x_wconf 74' lang='lat' dir='ltr'><strong>rasura)</strong></span> <span class='ocrx_word' id='word_1_309' title='bbox 2714 4035 2773 4092; x_wconf 80' lang='lat' dir='ltr'><em>R</em></span> 
     </span>
    </p>

    <p class='ocr_par' dir='ltr' id='par_1_7' title="bbox 633 4121 2911 4446">
     <span class='ocr_line' id='line_1_35' title="bbox 639 4121 2909 4191; baseline -0.001 -13"><span class='ocrx_word' id='word_1_310' title='bbox 639 4122 708 4178; x_wconf 89' lang='grc'><strong>19</strong></span> <span class='ocrx_word' id='word_1_311' title='bbox 743 4121 1015 4174; x_wconf 87' lang='lat' dir='ltr'><strong>teneretur</strong></span> <span class='ocrx_word' id='word_1_312' title='bbox 1054 4121 1107 4176; x_wconf 75' lang='lat' dir='ltr'><strong><em>G</em></strong></span> <span class='ocrx_word' id='word_1_313' title='bbox 1283 4121 1354 4176; x_wconf 85' lang='lat'><strong>20</strong></span> <span class='ocrx_word' id='word_1_314' title='bbox 1387 4121 2147 4180; x_wconf 84' lang='lat' dir='ltr'><strong>dimittitur—dimitteretur</strong></span> <span class='ocrx_word' id='word_1_315' title='bbox 2173 4124 2245 4191; x_wconf 74' lang='lat'><strong>12²</strong></span> <span class='ocrx_word' id='word_1_316' title='bbox 2414 4137 2527 4176; x_wconf 86' lang='lat' dir='ltr'><strong>non</strong></span> <span class='ocrx_word' id='word_1_317' title='bbox 2560 4122 2909 4176; x_wconf 80' lang='lat' dir='ltr'><strong>amittitur—</strong></span> 
     </span>
     <span class='ocr_line' id='line_1_36' title="bbox 639 4194 2909 4277; baseline 0.001 -17"><span class='ocrx_word' id='word_1_318' title='bbox 639 4206 988 4276; x_wconf 86' lang='lat' dir='ltr'><strong>amitteretur</strong></span> <span class='ocrx_word' id='word_1_319' title='bbox 1023 4194 1122 4261; x_wconf 72' lang='lat' dir='ltr'><strong>oni.</strong></span> <span class='ocrx_word' id='word_1_320' title='bbox 1165 4207 1217 4263; x_wconf 73' lang='lat' dir='ltr'><strong><em>G</em></strong></span> <span class='ocrx_word' id='word_1_321' title='bbox 1424 4209 1597 4262; x_wconf 78' lang='lat' dir='ltr'><strong>uerba</strong></span> <span class='ocrx_word' id='word_1_322' title='bbox 1642 4213 1698 4262; x_wconf 88' lang='lat' dir='ltr'><strong>et</strong></span> <span class='ocrx_word' id='word_1_323' title='bbox 1734 4208 1784 4261; x_wconf 86' lang='lat' dir='ltr'><strong>si</strong></span> <span class='ocrx_word' id='word_1_324' title='bbox 1830 4210 2322 4262; x_wconf 89' lang='lat' dir='ltr'><strong>non—moreretur</strong></span> <span class='ocrx_word' id='word_1_325' title='bbox 2368 4215 2431 4263; x_wconf 80' lang='lat' dir='ltr'><strong>ut</strong></span> <span class='ocrx_word' id='word_1_326' title='bbox 2474 4209 2677 4277; x_wconf 76' lang='lat' dir='ltr'><strong>spuria</strong></span> <span class='ocrx_word' id='word_1_327' title='bbox 2719 4213 2909 4264; x_wconf 74' lang='lat' dir='ltr'><strong>extur-</strong></span> 
     </span>
     <span class='ocr_line' id='line_1_37' title="bbox 637 4291 2911 4364; baseline 0 -18"><span class='ocrx_word' id='word_1_328' title='bbox 637 4291 828 4346; x_wconf 76' lang='lat' dir='ltr'><strong>banda</strong></span> <span class='ocrx_word' id='word_1_329' title='bbox 863 4293 994 4348; x_wconf 83' lang='lat' dir='ltr'><strong>olim</strong></span> <span class='ocrx_word' id='word_1_330' title='bbox 1029 4294 1240 4348; x_wconf 79' lang='lat' dir='ltr'><strong>censuit</strong></span> <span class='ocrx_word' id='word_1_331' title='bbox 1276 4293 1574 4360; x_wconf 64' lang='lat' dir='ltr'><strong>Bar-thius,</strong></span> <span class='ocrx_word' id='word_1_332' title='bbox 1600 4301 1802 4364; x_wconf 75' lang='lat' dir='ltr'><strong>postea</strong></span> <span class='ocrx_word' id='word_1_333' title='bbox 1837 4297 1893 4348; x_wconf 88' lang='lat' dir='ltr'><strong>et</strong></span> <span class='ocrx_word' id='word_1_334' title='bbox 1928 4295 1978 4348; x_wconf 91' lang='lat' dir='ltr'><strong>si</strong></span> <span class='ocrx_word' id='word_1_335' title='bbox 2011 4295 2367 4361; x_wconf 84' lang='lat' dir='ltr'><strong>amitteretur,</strong></span> <span class='ocrx_word' id='word_1_336' title='bbox 2404 4295 2703 4348; x_wconf 89' lang='lat' dir='ltr'><strong>moreretur</strong></span> <span class='ocrx_word' id='word_1_337' title='bbox 2734 4293 2911 4350; x_wconf 62' lang='lat' dir='ltr'><strong>scribi</strong></span> 
     </span>
     <span class='ocr_line' id='line_1_38' title="bbox 633 4378 2594 4446; baseline 0.002 -14"><span class='ocrx_word' id='word_1_338' title='bbox 633 4380 824 4434; x_wconf 80' lang='lat' dir='ltr'><strong>iussit:</strong></span> <span class='ocrx_word' id='word_1_339' title='bbox 870 4382 1164 4446; x_wconf 73' lang='lat' dir='ltr'><strong>utrumque</strong></span> <span class='ocrx_word' id='word_1_340' title='bbox 1196 4379 1490 4446; x_wconf 77' lang='lat' dir='ltr'><strong>falsissime</strong></span> <span class='ocrx_word' id='word_1_341' title='bbox 1696 4396 1802 4435; x_wconf 89' lang='lat' dir='ltr'><strong>non</strong></span> <span class='ocrx_word' id='word_1_342' title='bbox 1837 4381 1976 4446; x_wconf 87' lang='lat' dir='ltr'><strong>Mb,</strong></span> <span class='ocrx_word' id='word_1_343' title='bbox 2035 4396 2193 4436; x_wconf 90' lang='lat' dir='ltr'><strong>nemo</strong></span> <span class='ocrx_word' id='word_1_344' title='bbox 2226 4381 2347 4436; x_wconf 79' lang='lat' dir='ltr'><strong>rell.</strong></span> <span class='ocrx_word' id='word_1_345' title='bbox 2382 4386 2436 4436; x_wconf 78' lang='lat' dir='ltr'><strong>et</strong></span> <span class='ocrx_word' id='word_1_346' title='bbox 2470 4378 2594 4436; x_wconf 65' lang='lat' dir='ltr'><strong>Sela.</strong></span> 
     </span>
    </p>
   </div>
   <div class='ocr_carea' id='block_1_7' title="bbox 3097 0 3102 4000">
    <p class='ocr_par' dir='ltr' id='par_1_8' title="bbox 3097 0 3102 4000">
     <span class='ocr_line' id='line_1_39' title="bbox 3097 0 3102 4000; baseline 0 0"><span class='ocrx_word' id='word_1_347' title='bbox 3097 0 3102 4000; x_wconf 95' lang='lat' dir='ltr'><strong> </strong></span> 
     </span>
    </p>
   </div>
  </div>
 </body>
</html>
