3175 5050
657 446 743 515 84
1162 450 1171 457 “
1425 442 1798 499 Claudiani
1831 443 2147 499 Mamerti

1629 684 1937 771 ΧΧΠΠ.

653 880 821 943 QV1A
884 879 1027 927 NON
1093 876 1216 927 EST
1279 877 1494 925 ALIVD
1559 878 1784 925 ANIMA
1851 878 2065 925 ALIVD
2145 876 2462 925 MEMORIA
2544 876 2914 925 COGITATIO

839 982 976 1031 VEL
1021 980 1400 1042 VOLVNTAS,
1458 981 1599 1030 CVM
1642 979 1828 1028 HAEC
1878 980 2117 1028 EADEM
2159 982 2302 1029 VNA
2347 980 2452 1029 SIT
2488 981 2728 1030 ANIMA.

746 1118 871 1185 Sed
931 1118 1259 1203 subiungis
1331 1136 1404 1184 ac
1479 1119 1670 1185 dicis:
1746 1119 1963 1185 aliud
2038 1122 2157 1185 est
2224 1118 2539 1207 animae
2618 1121 2909 1197 status,

661 1223 882 1291 aliud
949 1222 1015 1288 is
1079 1224 1219 1307 qui
1282 1224 1374 1287 de
1439 1222 1701 1287 anima
1762 1222 2126 1288 nascitur
2194 1222 2736 1305 cogitationis
2793 1224 2971 1289 ad-⁵

659 1326 954 1394 fectus.
1028 1344 1252 1411 quam
1297 1326 1386 1391 ob
1429 1344 1585 1393 rem
1632 1326 1771 1391 aut
1815 1325 1961 1390 hoc
2003 1324 2268 1409 potius
2313 1326 2911 1392 aestimandum

659 1434 812 1513 est,
871 1432 1062 1514 quod
1112 1430 1184 1495 si
1249 1428 1556 1511 quando
1622 1426 1783 1494 sibi
1840 1427 2145 1509 aliquid
2187 1428 2719 1513 imaginatur,
2766 1448 2912 1495 ma-

660 1533 782 1617 gis
813 1551 979 1599 cum
1023 1531 1189 1598 suis
1231 1532 1449 1598 intra
1492 1533 1738 1597 semet
1780 1531 2033 1615 ipsam
2064 1530 2415 1597 motibus
2462 1536 2915 1615 occupetur,

663 1638 740 1702 et
783 1636 848 1702 si
894 1635 1070 1720 quid
1119 1635 1338 1703 aliud
1383 1640 1536 1716 est,
1583 1638 1783 1718 quod
1822 1634 2233 1719 adspicere
2266 1635 2615 1714 uidetur,
2662 1637 2913 1721 magis

661 1741 729 1806 ei
779 1742 860 1806 in
903 1740 1486 1807 recordationis
1547 1739 1861 1823 speculo
1916 1740 2427 1806 describatur.
2504 1740 2677 1806 istud
2726 1745 2973 1806 natu-10

659 1863 792 1910 ram
837 1848 910 1909 tu
953 1849 1136 1927 putas
1201 1843 1332 1909 eius
1394 1861 1548 1928 esse,
1608 1860 1731 1907 non
1783 1860 2065 1925 poenam,
2129 1843 2483 1927 idcircoque
2548 1844 2761 1909 anima
2804 1846 2917 1909 tua

656 1948 726 2011 in
771 1945 1192 2033 recognitione
1251 1944 1350 2011 sni
1402 1946 1665 2027 fallitur,
1712 1945 1859 2029 quia
1901 1946 2023 2011 sibi
2070 1948 2461 2016 aduersantia
2505 1965 2618 2029 pro
2664 1965 2729 2012 66
2772 1964 2907 2013 am-

661 2052 956 2135 plectitur
1015 2053 1079 2115 et
1135 2068 1246 2133 per
1290 2066 1506 2117 sensus
1564 2048 1840 2132 corporis
1885 2048 2277 2115 fallaciarum
2322 2049 2573 2119 adfecta
2618 2050 2910 2119 ludibriis

660 2157 914 2221 eotenus
959 2154 1298 2237 inplicatur
1341 2171 1562 2232 errore,
1609 2156 1682 2219 ut
1726 2157 2049 2238 tamquam
2092 2153 2314 2221 absens
2360 2155 2481 2221 sibi
2524 2174 2590 2221 se
2634 2154 2907 2238 quaerat,

661 2276 805 2323 cum
863 2257 998 2341 ipsa
1055 2258 1140 2322 sit
1198 2274 1500 2339 quaerens
1559 2275 1644 2321 se.
1721 2274 1846 2323 non
1908 2260 2074 2323 enim
2131 2257 2290 2324 illud
2351 2261 2444 2324 est
2494 2259 2705 2325 anima
2750 2258 2911 2342 quod
2930 2279 2973 2319 1⁵

642 2362 994 2445 quaeritur,
1041 2363 1149 2428 sed
1191 2378 1311 2445 quo
1356 2361 1704 2444 quaeritur:
1753 2360 2052 2443 quidquid
2098 2360 2266 2427 enim
2310 2363 2577 2445 quaerit,
2624 2366 2799 2427 extra
2852 2379 2915 2425 se

661 2469 771 2547 est,
817 2485 932 2532 nec
975 2483 1266 2552 quaerere
1311 2465 1408 2532 illi
1453 2484 1605 2549 opus
1649 2467 1763 2545 est,
1809 2464 1932 2531 nisi
1978 2466 2139 2550 quod
2184 2483 2397 2533 secum
2443 2484 2563 2532 non
2609 2466 2719 2531 est.
2782 2466 2919 2550 ipsa

657 2569 868 2635 autem
927 2587 1138 2634 secum
1197 2569 1311 2645 est,
1371 2568 1520 2651 quia
1577 2567 1713 2634 sine
1772 2587 1837 2633 se
1896 2567 2061 2633 nihil
2118 2573 2230 2647 est,
2299 2586 2593 2652 quaerere
2648 2587 2717 2634 se
2764 2585 2909 2650 ergo

657 2692 783 2739 non
846 2672 1079 2749 debuit,
1137 2690 1294 2755 quae
1348 2672 1484 2737 sine
1541 2689 1611 2736 se
1672 2689 1804 2737 esse
1862 2689 1987 2737 non
2046 2673 2271 2755 potuit.
2347 2673 2715 2756 quapropter
2770 2688 2910 2737 cum

657 2795 724 2842 se
767 2795 891 2841 non
935 2775 1070 2841 sine
1115 2795 1180 2842 se
1225 2778 1485 2858 quaerit,
1546 2779 1891 2844 necessario
1935 2776 2000 2842 in
2047 2776 2221 2842 aliud
2269 2776 2553 2856 incurrit,
2601 2777 2747 2859 quia
2792 2794 2909 2842 non
2928 2800 2972 2839 20

655 2882 862 2962 potest
919 2899 983 2945 se
1026 2881 1305 2946 inuenire
1365 2881 1501 2946 sine
1559 2900 1651 2958 66.
1721 2881 1870 2946 haec
1928 2885 2023 2946 est
2066 2881 2182 2947 illa
2238 2880 2485 2960 inlusio,
2552 2899 2741 2963 quam
2807 2879 2910 2962 qui

657 2984 974 3067 intellegit
1034 2984 1204 3048 dolet
1249 3003 1321 3049 ac
1362 2985 1575 3050 dolens
1634 2983 1836 3067 gemit
1896 2984 1959 3049 et
2018 3003 2160 3050 cum
2202 2984 2508 3068 propheta
2548 2984 2797 3066 plangit
2833 3000 2911 3073 'ac

659 3085 844 3151 dicit:
878 3089 1048 3151 tota
1095 3088 1218 3152 die
1263 3086 1803 3153 contristatus
1847 3087 2291 3172 ingredior,
2338 3087 2707 3169 quoniam
2749 3086 2909 3151 ani-

657 3207 772 3254 ma
831 3209 996 3256 mea
1060 3191 1427 3274 conpleta
1497 3194 1615 3256 est
1674 3190 2238 3257 inlusionibus,
2316 3191 2422 3254 sed
2485 3189 2671 3254 istius
2738 3190 2910 3256 modi

866 3377 902 3431 4
936 3377 1002 3432 cf.
1037 3393 1162 3446 pag.
1202 3377 1283 3441 11,
1325 3376 1356 3429 7
1560 3377 1631 3431 23
1666 3376 1867 3431 Psalm.
1904 3377 1988 3442 37,
2026 3378 2056 3430 7
2079 3393 2159 3446 sq.

759 3549 792 3601 2
827 3549 1082 3602 memoria
1117 3565 1215 3603 om.
1253 3548 1327 3602 M
1358 3549 1422 3601 in
1455 3548 1826 3616 capitulorum
1843 3547 2043 3621 ,indice
2080 3563 2199 3602 cum
2245 3547 2460 3604 ABRS
2647 3547 2683 3601 3
2717 3563 2911 3602 cum-

658 3635 855 3704 anima]
895 3634 984 3690 sed
1019 3638 1312 3703 utrumque
1348 3637 1467 3688 uita
1501 3637 1584 3688 est
1620 3638 1675 3688 et
1710 3635 1889 3690 anima
1921 3635 1993 3688 Μ
2020 3637 2083 3688 in
2112 3637 2277 3704 capit.
2314 3635 2514 3702 indice,
2576 3634 2669 3688 sed
2704 3637 2917 3688 utrum-

657 3737 758 3792 que
809 3737 919 3776 nna
965 3723 1049 3774 est
1101 3723 1283 3774 anima
1330 3719 1550 3778 ABRS
1754 3723 1788 3776 5
1838 3721 1923 3774 his
1986 3721 2172 3777 0H¹R
2378 3722 2410 3774 6
2461 3721 2605 3774 haud
2662 3721 2734 3774 M
2745 3721 2777 3775 b

655 3809 688 3862 8
725 3809 903 3877 ipsum
939 3807 1344 3863 ABDFGHR
1367 3807 1491 3861 8611.
1652 3808 1685 3861 9
1721 3807 1896 3876 magis
1933 3806 2147 3863 uidetur
2185 3807 2237 3862 G
2412 3807 2478 3861 10
2514 3805 2585 3874 ei]
2626 3810 2681 3860 et
2726 3807 2780 3860 G

657 3894 985 3949 discribatur
1018 3894 1090 3946 H
1090 3895 1166 3949 Ἢ
1357 3893 1420 3947 11
1458 3892 1656 3947 idcirco
1682 3907 1819 3962 quae
1853 3892 1935 3961 R,
1994 3892 2191 3947 idcirco
2216 3893 2342 3961 quia
2380 3892 2445 3958 8,
2506 3892 2703 3946 idcirco
2730 3909 2777 3960 p

656 4015 722 4068 12
757 3981 1136 4082 recognatione
1162 4014 1224 4084 8,
1281 4013 1652 4068 recordatione
1682 4015 1735 4070 G
1932 4016 1999 4069 14
2022 4018 2239 4068 eatenus
2262 4013 2503 4084 DEF²p
2708 4015 2773 4068 16
2807 4028 2910 4082 qno

655 4119 952 4190 quaeritur]
1003 4120 1146 4188 quod
1200 4119 1408 4188 quaerit
1461 4119 1573 4172 PT
1598 4119 1719 4173 Sch.
1943 4121 2064 4187 quio
2118 4120 2329 4187 quaerit
2376 4121 2457 4184 A,
2494 4117 2646 4186 ·quid
2698 4117 2912 4186 quaerit

654 4205 732 4272 Β,
792 4206 934 4274 quod
969 4206 1178 4274 quaerit
1214 4205 1391 4259 ,ΒΕΓ
1569 4206 1631 4258 17
1668 4205 1781 4273 1166]
1820 4221 1927 4258 11611
1960 4207 2022 4273 1⁹²
2202 4205 2267 4259 19
2304 4205 2454 4274 quae]
2493 4207 2620 4273 quia
2658 4206 2776 4260 Sch.

654 4308 711 4346 se
747 4308 846 4346 om.
881 4293 935 4346 A
1124 4292 1193 4345 20
1226 4292 1466 4345 incurrat
1500 4290 1725 4347 HLRS
1746 4290 1866 4346 Sch.
2059 4291 2123 4346 21
2164 4308 2219 4346 66
2254 4291 2514 4362 inuenire]
2552 4293 2611 4346 in
2646 4308 2701 4346 se
2734 4291 2913 4346 uenire

653 4377 730 4431 M
734 4378 766 4432 b
971 4379 1040 4432 23
1075 4377 1414 4446 ingrediebar
1450 4377 1571 4433 8611.
