3175 5050
615 469 846 518 XXVIII

612 638 1010 716 mittendum,
1072 640 1146 703 ut
1189 659 1262 704 ex
1314 639 1390 702 iis
1435 639 1584 704 solis
1630 639 1879 702 nullum
1920 654 2171 719 prorsus
2218 640 2293 702 de
2337 637 2616 702 codicum
2660 639 2867 719 pretio

613 743 762 808 ferri
805 745 1000 826 possit
1042 743 1360 807 iudicium.
1423 760 1504 806 an
1549 741 1881 823 quisquam
1912 745 2006 805 est
2040 741 2167 822 qni,
2217 741 2381 822 quod
2428 739 2548 808 OG
2598 741 2738 819 136,
2784 741 2873 806 20

613 850 781 911 reete
841 846 1171 912 exhibeant
1227 843 1623 920 rabidarum,
1688 843 1919 924 reliqui
1978 846 2191 908 autem
2255 842 2648 923 fabularum,
2721 843 2870 907 inde

611 950 762 1024 iam,
828 966 984 1029 quae
1029 947 1116 1012 sit
1161 946 1444 1012 codicum
1500 946 1666 1010 inter
1711 965 1777 1010 se
1824 945 2133 1028 cognatio,
2194 947 2421 1010 audeat
2472 945 2868 1010 discernere?

613 1049 714 1115 his
756 1050 1109 1133 praemissis
1155 1068 1246 1134 ea,
1292 1067 1450 1132 quae
1498 1049 1574 1114 de
1620 1049 1883 1132 singulis
1916 1049 2178 1115 dicenda
2208 1066 2339 1112 esse
2378 1048 2690 1129 uidentur,
2734 1048 2870 1113 iam

618 1171 996 1235 exponimus,

693 1256 796 1320 Ad
837 1256 908 1319 M
950 1254 1225 1336 proxime
1270 1254 1506 1318 aceedit
1551 1256 1631 1336 G,
1676 1253 1741 1319 id
1772 1254 1934 1335 quod
1966 1273 2039 1318 ex
2083 1253 2181 1319 his
2214 1252 2585 1318 lectionibus
2616 1252 2869 1336 utrique

609 1359 1035 1425 communibus
1089 1358 1276 1440 atque
1333 1357 1411 1422 iis
1465 1359 1755 1438 genuinis
1802 1360 2093 1439 apparet:
2157 1356 2257 1438 18,
2308 1357 2389 1421 10
2429 1355 2503 1419 id
2540 1375 2863 1436 spernere,

619 1462 720 1538 19,
764 1461 808 1524 4
865 1463 1104 1542 spectat
1143 1458 1233 1542 G,
1295 1462 1566 1541 espec-tat
1609 1459 1707 1538 M,
1776 1461 2060 1540 expectat
2098 1460 2267 1536 rell.,
2334 1459 2439 1543 20,
2489 1459 2571 1522 16
2614 1459 2868 1526 uiribus

615 1564 808 1646 (airis
841 1563 1006 1644 rell.)
1014 1613 1033 1646 ,
1080 1562 1184 1641 25,
1237 1562 1313 1626 17
1355 1561 1679 1644 plurimos
1728 1562 2191 1643 (plurimorum
2219 1561 2409 1639 rell.),
2458 1561 2561 1638 29,
2607 1562 2693 1626 24
2735 1563 2864 1627 sol-

609 1666 796 1730 lerter
853 1665 1148 1750 (sollicite
1191 1665 1379 1747 rell.),
1447 1665 1550 1742 34,
1598 1666 1682 1729 22
1737 1665 1963 1747 flayris
2028 1664 2329 1747 (flayellis
2370 1666 2559 1748 rell.),
2626 1667 2733 1748 34,
2780 1668 2867 1733 23

605 1770 931 1851 eodemque
977 1769 1204 1850 (eodem
1234 1769 1420 1850 rell.),
1467 1769 1571 1846 35,
1608 1770 1686 1833 11
1732 1767 2255 1848 inpassibilitatis
2300 1768 2471 1850 (oum
2501 1766 2606 1847 A2,
2639 1771 2866 1850 passi·-

605 1871 878 1937 bilitatis
919 1872 1082 1943 rell.)
1103 1919 1122 1954 ,
1185 1872 1290 1956 42,
1337 1873 1378 1936 2
1423 1871 1639 1936 ualuit
1683 1871 1953 1949 (eualuit
1995 1871 2157 1950 rell.)
2182 1920 2197 1945 ‚
2267 1871 2371 1949 42,
2416 1871 2502 1934 20
2546 1875 2866 1954 conpactis

615 1978 786 2057 (eum
848 1973 998 2040 ΝΕ
1019 1973 1116 2053 11¹⁹,
1181 1975 1490 2056 conpectis
1533 1976 1635 2039 uel
1682 1975 2022 2054 conspectis
2064 1972 2255 2056 rell.),
2321 1974 2427 2050 47,
2476 1974 2555 2038 18
2590 1975 2865 2055 perinde

613 2078 918 2162 (proinde
959 2079 1144 2160 rell.),
1189 2079 1294 2162 48,
1343 2081 1384 2143 3
1427 2078 1863 2142 aestimandae
1908 2075 2399 2161 (existimandae
2442 2077 2629 2159 rell.),
2677 2079 2783 2154 48,
2820 2081 2867 2144 4

605 2181 857 2246 omissis
885 2181 1272 2265 [ommissis]
1321 2180 1554 2268 (missis
1600 2182 1787 2262 rell.),
1836 2179 1939 2264 53,
1986 2182 2073 2245 20
2115 2179 2445 2244 habilitate
2473 2181 2578 2244 sui
2626 2180 2864 2264 (humi-

608 2286 786 2351 litate
828 2285 932 2349 sui
979 2283 1059 2366 0,
1129 2283 1405 2349 habitate
1447 2284 1552 2348 sui
1596 2282 1883 2367 HLRS,
1952 2282 2275 2347 habitante
2308 2283 2413 2347 sui
2455 2284 2611 2362 AB,
2678 2283 2866 2348 habi-

604 2391 776 2452 tante
819 2389 894 2451 ni
937 2388 1245 2468 DEFP);
1293 2387 1372 2452 cf.
1416 2389 1737 2469 praeterea
1781 2387 1884 2465 65,
1935 2387 2032 2453 19.
2072 2383 2181 2450 ’23,
2230 2387 2333 2466 67,
2382 2388 2441 2452 7.
2495 2387 2595 2450 10.
2647 2387 2749 2471 73,
2794 2388 2859 2453 2.

605 2490 706 2575 79,
757 2493 856 2556 11.
915 2492 1019 2569 80,
1064 2493 1122 2557 2.
1183 2492 1286 2575 89,
1333 2491 1434 2555 21.
1493 2491 1595 2567 93,
1642 2491 1703 2555 3.
1761 2491 1865 2568 95,
1918 2489 2013 2554 14.
2078 2489 2221 2567 104,
2266 2490 2329 2555 9.
2404 2491 2546 2571 113,
2597 2490 2695 2556 10.
2761 2491 2861 2556 19.

607 2594 752 2676 115,
803 2595 901 2659 17.
954 2597 1094 2678 116,
1147 2594 1244 2660 14.
1297 2595 1439 2674 119,
1485 2594 1589 2660 20.
1643 2594 1783 2669 133,
1831 2595 1890 2659 9.
1942 2594 2086 2678 134,
2131 2594 2193 2658 4.
2244 2593 2387 2671 139,
2421 2595 2519 2656 11.
2572 2594 2715 2678 142,
2753 2595 2859 2659 21.

607 2696 751 2774 146,
801 2698 900 2761 19.
952 2698 1092 2782 173,
1140 2698 1202 2763 8.
1254 2697 1396 2779 181,
1444 2697 1504 2761 3.
1562 2699 1706 2780 189,
1758 2699 1855 2761 17.

689 2816 900 2881 Etiam
946 2816 1137 2881 falsas
1180 2817 1472 2883 lectiones
1517 2818 1635 2883 soli
1680 2816 1825 2882 GM
1870 2834 2227 2881 communes
2276 2816 2509 2881 habent
2551 2816 2695 2882 has:
2756 2818 2859 2895 75,

607 2921 688 2984 13
731 2920 1158 3004 diyerendum]
1204 2920 1613 3002 diriyeiidam
1658 2919 1824 2995 GM,
1871 2920 1973 2997 98,
2011 2919 2087 2982 17
2134 2920 2208 2982 in
2252 2938 2371 2983 om.
2424 2919 2591 2996 GM,
2639 2920 2742 3000 66,
2774 2921 2863 2985 20

599 3025 672 3086 ut
714 3040 836 3087 om.
883 3021 1065 3102 GM1,
1110 3023 1195 3087 ib.
1241 3024 1505 3108 moueri]
1542 3043 1816 3087 emouere
1847 3026 1922 3103 G,
1969 3042 2212 3088 mouere
2240 3022 2329 3102 M,
2377 3022 2458 3089 ib.
2486 3042 2614 3103 pro
2635 3028 2828 3103 parte
2828 3021 2851 3109 j

596 3129 851 3208 partem
893 3126 981 3205 M,
1017 3146 1138 3205 per
1172 3131 1428 3208 partem
1473 3127 1550 3193 G.

687 3227 1002 3295 Genuinas
1067 3230 1359 3295 lectiones
1428 3228 1484 3295 G
1547 3232 1717 3296 solus
1782 3230 1910 3311 (uel
1976 3232 2142 3295 certe
2208 3229 2376 3295 solus
2439 3230 2603 3294 inter
2666 3230 2857 3296 libros

599 3332 871 3399 melioris
937 3336 1142 3410 notae)
1215 3333 1502 3416 praebet:
1569 3335 1673 3417 23,
1721 3335 1804 3400 22
1868 3333 2115 3415 ulloque
2174 3332 2429 3417 (illoque
2484 3333 2647 3414 rell.)
2666 3378 2682 3409 ,
2748 3334 2855 3413 28,

602 3434 640 3501 7
705 3435 974 3517 inffiaeis'
1037 3436 1184 3499 ierit
1257 3437 1431 3519 (cum
1503 3436 1615 3521 ΑΩ,
1702 3436 2114 3519 inficiasserit
2178 3440 2293 3501 ete.
2370 3435 2532 3518 rell.)
2553 3486 2569 3516 ‚
2640 3438 2743 3516 35,
2814 3439 2857 3503 2

598 3538 1023 3621 interspergat
1075 3538 1274 3623 (inter
1328 3542 1671 3623 adsperyat
1724 3542 1827 3619 M,
1891 3541 1969 3605 in
2025 3544 2082 3605 te
2122 3544 2444 3624 resperyat
2484 3540 2672 3619 rell.),
2748 3542 2854 3621 35,

599 3642 683 3707 22
739 3641 1042 3707 alterutro
1097 3646 1432 3723 utrumque
1489 3642 1712 3723 (altero
1766 3648 2101 3725 atrumque
2143 3643 2214 3707 M
2256 3644 2322 3707 in
2366 3662 2585 3727 marg„
2654 3643 2852 3708 alter·-

595 3748 932 3826 ‘atrumqne
995 3746 1180 3828 rell.),
1254 3746 1359 3824 45,
1405 3747 1484 3811 21
1552 3746 1707 3825 flato
1770 3749 1938 3829 (eum
1992 3744 2178 3824 198⁹,
2250 3746 2418 3826 flata
2482 3748 2671 3828 rell.),
2746 3748 2853 3830 67,

602 3849 679 3913 11
742 3847 1097 3929 spheroidis
1162 3848 1542 3930 (spheroides
1600 3855 1720 3913 ete.
1767 3850 1956 3930 rell.),
2024 3849 2127 3932 88,
2176 3849 2213 3913 7
2272 3848 2429 3930 qnia
2490 3850 2662 3927 (eum
2706 3849 2849 3924 DE,

595 3969 718 4029 om.
763 3952 944 4030 rell.),
1004 3952 1107 4030 96,
1157 3952 1236 4016 17
1283 3970 1607 4029 οορηοεοεε
1654 3951 1998 4033 (coynoscis
2038 3950 2230 4035 rell.),
2290 3952 2433 4029 108,
2477 3951 2521 4015 4
2572 3950 2668 4035 [ob
2711 3950 2845 4035 hoe]

603 4055 774 4135 (eum
828 4054 1030 4136 DEF,
1097 4054 1238 4119 add.
1295 4053 1486 4136 rell.),
1549 4053 1693 4129 111,
1744 4053 1820 4117 17
1866 4072 1999 4117 non
2044 4054 2217 4138 (eum
2262 4053 2416 4132 DE,
2483 4072 2603 4119 om.
2660 4054 2849 4137 rell.),

599 4156 743 4234 121,
772 4155 856 4220 14
881 4154 1121 4237 hippon
1148 4153 1646 4242 metapontinus]
1678 4154 1935 4239 hyppon
1964 4155 2437 4236 metapontiwus
2464 4155 2521 4220 G
2558 4160 2853 4239 (yponme

600 4258 962 4323 tarentinus
1007 4262 1126 4327 etc.
1171 4260 1358 4341 rell.),
1423 4260 1566 4338 130,
1616 4259 1695 4325 12
1742 4258 1941 4340 crispi
1984 4263 2153 4337 (eum
2197 4258 2288 4338 δ’,
2346 4259 2617 4341 crisippi
2660 4261 2849 4343 rell.),

603 4363 742 4441 133,
795 4363 871 4427 17
918 4362 1034 4427 etsi
1083 4368 1250 4445 (oum
1296 4364 1501 4440 DEF,
1547 4366 1606 4427 et
1647 4362 1831 4447 rell.),
1884 4363 2025 4442 163,
2075 4365 2108 4426 1
2156 4366 2392 4443 spectat
2440 4364 2609 4445 (eum
2639 4364 2847 4444 DEF,
