3175 5050
673 400 768 469 ‘64
1451 395 1820 454 Claudiani
1854 395 2175 451 Mamerti

675 607 800 668 ma,
823 586 1044 671 recipit
1065 587 1280 670 utique
1301 588 1678 655 sectionem:
1702 587 1759 653 si
1780 586 2008 670 recipit
2032 588 2390 671 sectionem,
2416 586 2641 672 recipit
2662 587 2941 655 inminu-

676 690 943 759 tionemz
989 691 1046 756 si
1089 690 1571 757 inminutionem
1619 690 1861 772 recipit,
1907 689 2152 773 perdita
2195 691 2453 775 quisque
2498 690 2635 757 uiui
2674 692 2943 775 corporis

675 795 854 877 parte
911 792 1158 861 animae
1205 810 1445 877 quoque
1497 793 1703 877 perdit
1746 795 2012 876 partem.
2090 811 2233 871 cum
2278 796 2457 877 parte
2504 812 2651 861 uero
2698 793 2942 861 animae

674 896 844 981 perit
907 913 1053 978 pars
1112 896 1468 975 memoriae,
1544 897 1753 963 anima
1797 914 1962 979 ergo,
2010 897 2181 963 cuius
2226 896 2547 965 inminuta
2588 895 2943 963 substantia

675 1004 793 1082 est,
837 1000 1049 1067 minus
1096 998 1286 1065 debet
1327 999 1545 1082 ntique
1594 998 1979 1068 meminisse.
2056 1016 2128 1065 ac
2172 1018 2281 1081 per
2324 998 2449 1067 hoc
2493 998 2550 1065 si
2594 998 2815 1067 localis
2848 1003 2941 1072 est
2979 1022 2997 1058 ⁵

674 1102 907 1184 anima,
951 1102 1328 1171 multimoda
1371 1102 1580 1185 potest
1615 1102 1891 1169 sectione
1921 1101 2263 1169 comminui
2293 1102 2357 1167 et
2382 1099 2741 1184 frequentia
2770 1119 2939 1167 com-

675 1206 1042 1272 minutionis
1087 1204 1341 1273 aboleri.
1419 1205 1530 1269 sed
1574 1204 1723 1287 quia
1756 1203 1929 1271 istud
1972 1218 2151 1273 mens
2182 1220 2355 1283 sana,
2387 1222 2465 1269 ne
2496 1202 2702 1271 dicam
2734 1202 2941 1279 docta,

675 1326 802 1375 non
856 1307 1106 1390 recipit,
1163 1310 1238 1373 ut
1281 1305 1635 1374 inlocalitas
1681 1306 1949 1386 animae,
1996 1308 2305 1388 quantum
2354 1324 2463 1391 per
2504 1324 2619 1371 nos
2663 1304 2780 1374 sub
2833 1324 2941 1391 ope

677 1411 894 1479 diuina
922 1409 1186 1494 proferri
1215 1409 1514 1492 potuerit,
1547 1408 1754 1493 magis
1778 1409 2096 1495 adpareat,
2128 1412 2203 1476 de
2232 1408 2512 1479 motibus
2544 1409 2941 1486 disseramus,

677 1514 824 1597 quia
867 1513 1128 1586 dubium
1168 1532 1294 1581 non
1339 1514 1476 1594 erit,
1523 1514 1687 1578 sicut
1734 1530 1957 1596 corpus
1992 1512 2287 1596 estquod
2317 1514 2605 1581 mouetur
2634 1511 2939 1589 localiter,
2956 1537 2997 1577 ιο

675 1616 772 1686 ita
812 1636 933 1686 non
981 1635 1118 1686 esse
1163 1634 1382 1701 eorpus
1427 1617 1590 1700 quod
1635 1616 1919 1685 localiter
1962 1634 2086 1683 non
2130 1619 2441 1687 mouetur.

1671 1902 1940 1989 XVIII.

1468 2094 1638 2143 TRES
1681 2094 1841 2143 ESSE
1900 2093 2148 2143 MOTVS.

763 2228 919 2295 Tres
965 2246 1111 2313 ergo
1157 2249 1292 2297 esse
1333 2234 1564 2313 motus,
1612 2234 1921 2315 stabilem,
1976 2232 2311 2305 inlocalem
2361 2231 2750 2315 localemque
2812 2230 2937 2299 iam

675 2337 896 2399 notum
965 2335 1082 2398 est.
1147 2333 1405 2403 stabilis
1471 2338 1681 2408 motus
1736 2335 1838 2401 dei
1896 2336 2009 2418 cst,
2069 2333 2356 2405 inlocalis
2409 2333 2674 2413 animae,
2718 2334 2935 2403 localis
2952 2358 2992 2397 ιε

677 2435 971 2520 eorporis
1045 2436 1292 2504 stabilis
1336 2437 1548 2508 motus
1587 2440 1689 2505 est
1733 2439 1897 2519 quod
1942 2438 2091 2503 deus
2120 2438 2487 2509 creaturam
2530 2455 2655 2507 nen
2689 2456 2937 2521 semper

673 2540 845 2615 fecit,
892 2541 1004 2608 sed
1047 2543 1262 2608 tamen
1304 2542 1565 2610 eandem
1608 2559 1735 2608 non
1764 2558 1929 2608 noua
1956 2541 2285 2612 uoluntate
2313 2542 2469 2612 tunc
2488 2560 2707 2612 ‚creare
2724 2541 2937 2613 ‚uoluit
3082 2617 3084 2628 Ι

675 2660 818 2709 cum
861 2644 1115 2725 creauit,
1163 2643 1314 2726 quia
1357 2662 1603 2728 semper
1646 2647 1799 2712 tunc
1850 2642 2057 2712 uoluit
2101 2660 2307 2711 creare
2351 2662 2492 2728 cum
2538 2642 2711 2710 fecit.
2788 2645 2935 2714 tunc
3079 2637 3084 2658 '¹

676 2745 975 2826 temporis
1038 2745 1412 2830 significatio
1478 2747 1594 2827 est,
1670 2765 1917 2830 semper
1988 2765 2111 2813 non
2174 2748 2255 2818 ad
2327 2747 2573 2834 tempus
2644 2747 2932 2830 pertinet.
3082 2659 3085 2825 l

675 2849 831 2916 tunc
855 2866 1018 2932 ergo
1062 2847 1236 2915 istud
1279 2853 1359 2923 ad
1385 2850 1780 2936 ‚principium
1824 2851 2125 2935 temporis
2167 2851 2459 2934 pertinet,
2507 2868 2632 2917 non
2662 2851 2743 2916 ad
2773 2852 2931 2919 tem-
2948 2874 2989 2914 w

675 2969 813 3033 pus,
872 2952 1017 3033 quia
1072 2953 1544 3036 temporaneum
1599 2958 1843 3020 motum
1888 2955 2206 3020 stabilitas
2250 2954 2666 3037 sempiternae
2711 2954 2932 3019 uolun-
3080 2977 3082 2984 ⁴

676 3052 830 3118 tatis
904 3052 1191 3136 includit,
1266 3073 1340 3120 ac
1380 3074 1490 3138 per
1534 3056 1652 3121 hoc
1698 3075 1943 3140 semper
1988 3061 2139 3122 tunc
2205 3059 2368 3122 uelle
2419 3056 2668 3122 stabilis
2726 3060 2933 3122 motus

677 3156 792 3223 est.
860 3154 963 3221 hic
1029 3157 1272 3239 oportet
1327 3159 1591 3243 accipias
1649 3159 1809 3226 nihil
1852 3158 2089 3225 moueri
2145 3177 2323 3242 posse
2380 3160 2507 3224 nisi
2552 3159 2633 3224 ab
2675 3160 2933 3234 inmoto,

677 3258 864 3341 atque
907 3261 980 3324 ut
1023 3259 1091 3325 id
1135 3261 1465 3328 doceamus
1509 3264 1809 3346 exemplo,
1849 3262 2120 3346 digitum
2152 3267 2319 3330 certe
2349 3262 2474 3330 nisi
2502 3263 2715 3333 stante
2744 3281 2933 3334 manu
3079 3329 3080 3356 ζ

782 3548 811 3603 1
866 3549 1284 3606 inmutationem
1334 3550 1649 3607 ABDOE'F
1693 3554 1928 3621 utroque
1942 3590 1956 3615 ,
2009 3551 2068 3608 R
2112 3551 2306 3620 priore
2348 3550 2464 3610 zoco
2670 3550 2707 3604 3
2759 3549 2935 3622 perdit

674 3667 819 3735 Mb,
877 3668 1115 3739 perdidit
1164 3669 1284 3725 rea.
1336 3674 1389 3725 et
1440 3670 1561 3726 Βοὴ.
1789 3671 1823 3724 e
1874 3643 2191 3726 multimodi>
2246 3670 2313 3738 s,
2373 3671 2696 3728 multimodo
2758 3671 2809 3726 0

673 3805 939 3861 sectionell
991 3805 1049 3862 R
1251 3806 1564 3877 comminui]
1609 3807 1785 3862 diuidi
1828 3807 2239 3878 ARDEFPp²
2444 3808 2514 3864 10
2568 3807 2641 3878 qd
2693 3758 2935 3862 mouetur

671 3892 918 3947 localiter
972 3891 1023 3947 S
1239 3894 1307 3947 14
1356 3897 1533 3947 motus
1587 3908 1698 3947 esse
1753 3893 1984 3949 editores
2188 3893 2535 3949 inlocabilem
2587 3893 2637 3949 δ’
2836 3909 2930 3962 que

671 3977 960 4033 iam—est
992 3993 1097 4033 om.
1142 3977 1197 4033 G
1402 3979 1469 4033 16
1514 3993 1619 4048 quo
1661 3995 1708 4049 p
1913 3979 1979 4033 17
2014 3979 2110 4034 sed
2142 3979 2281 4046 Mb,
2342 3982 2398 4032 et
2431 3971 2550 4036 beu.
2587 3985 2641 4035 et
2676 3979 2797 4035 Βοὴ.
3074 3993 3076 4006 ’

670 4064 792 4117 tum
826 4061 901 4118 M
906 4062 939 4118 b
1146 4064 1213 4119 18
1248 4065 1377 4118 tunc
1412 4079 1617 4133 semper
1651 4065 1709 4118 B
1912 4066 2035 4117 tum
2061 4067 2133 4134 μ’
2336 4080 2515 4120 creare
2548 4065 2730 4119 uoluit
2764 4063 2929 4120 ΑΒΗ
3074 4013 3076 4159 l

551 4197 554 4202 .
671 4148 857 4217 EFff
1051 4149 1119 4203 19
1154 4150 1483 4218 significatio
1520 4153 1607 4205 est
1641 4150 1896 4219 temporis
1933 4149 1981 4204 S
2160 4165 2273 4206 non
2308 4167 2409 4206 om.
2446 4151 2504 4207 R
2699 4151 2763 4206 21
2800 4155 2925 4206 tem·

671 4250 1026 4305 por-aneorum
1079 4237 1256 4291 motus
1314 4237 1368 4293 θ
1572 4237 1642 4291 22
1695 4252 1902 4306 semper
1953 4253 2054 4292 om.
2108 4253 2149 4306 p
2354 4237 2424 4291 23
2475 4237 2690 4292 inmota
2740 4237 2797 4295 Β

669 4320 741 4376 24
773 4319 833 4374 id
868 4335 968 4375 om.
1003 4319 1292 4378 ABDEF
1312 4321 1434 4380 sa..
1641 4324 1846 4378 intanto
1879 4321 1993 4388 111„
2041 4323 2284 4378 instante
2325 4322 2529 4380 omes
3072 4299 3075 4494 ι

3070 4639 3073 4826 1
