3175 5050
631 434 722 501 60
1405 431 1774 488 Claudiani
1810 432 2129 487 Mamerti

633 622 1034 691 adiunctione
1112 619 1438 705 duplicari,
1515 640 1653 686 esse
1723 620 1856 686 illic
1922 638 2171 686 sursum
2233 620 2539 702 deorsum,
2609 620 2919 687 dextrum

630 726 976 807 sinistrum,
1023 725 1302 792 anterius
1347 729 1534 809 atque
1583 725 1916 809 posterius,
1965 742 2097 790 esse
2132 723 2265 790 illic
2294 740 2409 805 pro
2435 722 2619 789 modo
2647 724 2915 808 magni-

631 830 877 896 tudinis·
929 829 1403 913 longitudinem,
1465 828 1889 905 latitudinem,
1951 826 2375 893 altitudinem.
2465 827 2534 891 in
2592 826 2694 891 dei
2748 844 2911 892 uero

629 935 768 1017 ipsa
811 932 1102 997 trinitate
1158 932 1344 997 huius
1389 931 1799 997 secabilitatis
1846 933 1911 995 et
1957 929 2297 996 localitatis
2338 930 2551 1012 partes
2596 930 2664 995 et
2686 931 2911 1012 spatia
3103 988 3104 1007 1

629 1054 764 1101 esse
808 1053 932 1101 non
964 1034 1250 1113 dicimuS‚
1282 1034 1360 1099 ad
1391 1032 1572 1099 cuius
1600 1033 2083 1099 similitudinem
2112 1051 2310 1097 unum
2343 1050 2455 1099 nos
2488 1050 2620 1098 esse
2648 1048 2907 1099 secum-
2962 1053 2991 1095 ε

630 1158 752 1222 que
809 1137 976 1203 uniri
1039 1156 1146 1202 nos
1208 1156 1388 1219 posse
1448 1137 1607 1203 dicit
1646 1140 1790 1221 'ipse
1850 1137 1959 1221 qui
2005 1136 2175 1218 fecit,
2223 1137 2386 1203 sicut
2427 1140 2494 1202 in
2539 1135 2911 1219 apostolicis
3103 1126 3104 1163 ³

626 1242 790 1308 actis
849 1242 1139 1325 legimus,
1193 1240 1358 1323 quod
1401 1258 1600 1306 unus
1660 1240 2155 1307 credentium
2212 1256 2575 1323 unusque
2631 1239 2903 1304 uolen-

627 1344 832 1409 tium
877 1345 1044 1409 erat
1087 1346 1396 1409 animus
1441 1345 1517 1408 et
1561 1360 1691 1410 cor
1735 1362 1987 1409 unum.
2064 1344 2447 1409 non-tamen
2490 1361 2626 1408 reor
2655 1343 2903 1407 multas

625 1448 872 1513 animas
917 1446 1012 1511 ita
1055 1446 1179 1511 sibi
1225 1446 1418 1513 fuisse
1465 1447 1850 1523 coniunctas,
1905 1449 1978 1511 ut
2022 1449 2221 1511 maior
2267 1447 2571 1528 quaedam
2614 1464 2689 1509 ex
2732 1447 2903 1511 mul-

625 1550 715 1615 tis
759 1548 1090 1615 animabus
1138 1549 1352 1615 anima
1395 1550 1594 1626 fieret,
1630 1551 1779 1633 quia
1822 1549 2094 1631 trimme,
2141 1568 2250 1632 per
2280 1565 2468 1631 quam
2498 1552 2738 1614 etcum
2770 1566 2901 1632 qua
2926 1574 2981 1614 ιο

619 1668 840 1719 omues
883 1654 1095 1719 bonae·
1124 1653 1374 1719 animae
1415 1653 1578 1718 fiunt
1623 1671 1839 1733 unum,
1886 1670 2001 1717 nec
2041 1652 2107 1717 in
2152 1652 2285 1717 ulla
2330 1670 2402 1719 ex
2447 1653 2663 1719 eadem
2708 1650 2899 1717 trini-

625 1758 764 1823 tate.
800 1774 1066 1841 persona
1105 1757 1311 1823 minor
1369 1757 1467 1822 est
1525 1775 1719 1839 quam
1766 1757 1845 1851 in
1889 1756 2118 1834 tribua,
2178 1774 2290 1821 nec
2332 1756 2403 1820 in
2445 1756 2651 1821 tribus
2694 1755 2899 1821 maior

623 1861 723 1927 est
782 1878 972 1942 quam
1028 1862 1098 1925 in
1155 1861 1443 1942 singulis.
1519 1861 1615 1925 sic
1668 1863 1731 1924 et
1776 1860 2018 1925 animae
2060 1858 2373 1925 humanae
2414 1859 2769 1925 substantia
2815 1857 2897 1922 ad

625 1965 758 2029 eius
817 1964 1260 2045 imitationem,
1321 1967 1500 2045 cuius
1549 1966 1757 2047 imago
1804 1964 1919 2042 est,
1982 1979 2100 2029 nec
2154 1962 2220 2029 in
2272 1962 2497 2028 multis
2542 1960 2893 2027 secundum

625 2068 904 2150 aliquam
963 2069 1190 2133 molem
1234 2067 1438 2132 maior
1495 2070 1593 2133 est
1636 2085 1751 2131 nec
1806 2066 1875 2131 in
1919 2065 2185 2149 singulis
2228 2066 2571 2131 secundum
2616 2065 2895 2147 aliquam
2918 2093 2975 2135 ιε

624 2170 862 2237 molem
904 2172 1126 2254 minor,
1175 2172 1322 2253 quia
1366 2170 1663 2236 uidelicet
1707 2170 2024 2253 potentiae
2068 2174 2219 2236 sunt
2261 2170 2431 2248 illae,
2463 2188 2587 2235 non
2618 2186 2891 2251 corpora.

623 2274 871 2339 creatas
937 2278 1148 2340 autem
1205 2275 1518 2358 potentias
1571 2273 1835 2340 creatrix
1890 2276 2105 2356 utique
2160 2275 2441 2355 potentia
2493 2274 2629 2337 iure
2674 2290 2892 2355 super·

621 2377 862 2443 eminet
928 2395 998 2441 eo
1065 2378 1200 2460 ipso
1267 2378 1371 2442 uel
1439 2379 1707 2442 maxime
1768 2395 1887 2461 quo
1949 2376 2207 2443 creauit.
2282 2396 2427 2443 nam
2491 2380 2557 2441 et
2615 2376 2893 2440 animam

617 2479 831 2546 anima
889 2480 1406 2563 praestantiorem
1463 2498 1649 2564 saepe
1696 2483 1758 2545 et
1804 2482 2149 2562 experimur
2217 2479 2283 2545 et
2350 2478 2701 2554 didicimu8‚
2775 2494 2892 2543 nec

619 2584 834 2647 tamen
886 2584 1167 2663 eandem,
1216 2602 1406 2666 quam
1451 2584 1795 2649 secundum
1840 2584 2186 2666 potentiam
2230 2583 2749 2666 praestantiorem
2792 2580 2967 2649 ‹li-20

619 2685 915 2766 dicimuS‚
977 2686 1318 2752 secundum
1363 2686 1613 2765 molem,
1676 2703 1833 2770 quae
1877 2686 2052 2751 nulla
2093 2685 2193 2750 illi
2238 2686 2353 2767 est,
2399 2685 2711 2751 credimus
2758 2702 2887 2750 esse

621 2789 947 2854 maiorem.
1024 2789 1182 2855 illud
1243 2790 1438 2854 etiam
1481 2808 1595 2854 nec
1639 2789 1701 2854 te
1731 2788 2001 2854 arbitror
2044 2788 2303 2855 diffiteri
2347 2784 2694 2871 quamlibet
2726 2787 2884 2852 mul-

620 2895 718 2958 tas
765 2890 1006 2958 animas
1051 2891 1328 2976 perfecte
1381 2891 1695 2975 sapientes
1738 2909 1860 2957 non
1904 2891 2047 2976 plus
2078 2910 2295 2975 sapere
2322 2891 2493 2958 idem
2524 2909 2650 2957 una
2678 2889 2887 2956 anima

829 3139 860 3193 7
897 3139 1016 3193 Act.
1053 3140 1104 3205 4,
1139 3138 1210 3193 32

726 3369 752 3422 1
791 3371 1138 3425 adiunctione
1173 3370 1413 3438 33131,
1467 3343 1784 3425 adiun‘tione
1817 3370 1864 3427 ,s
2028 3372 2063 3424 3
2099 3369 2185 3423 dei
2220 3369 2433 3438 scripsi,
2489 3368 2587 3424 deo
2622 3367 2750 3424 ιῶη·

617 3455 767 3525 uero]
817 3457 872 3510 et
910 3457 1041 3511 add.
1077 3457 1355 3512 Barthius
1562 3457 1621 3511 in
1658 3457 1755 3511 deo
1792 3471 1919 3512 uero
1956 3455 2090 3529 <-i·)
2127 3458 2217 3524 (=
2250 3455 2311 3509 id
2344 3457 2447 3522 est)
2483 3456 2603 3526 ipsa
2637 3455 2882 3513 trinitate

615 3542 758 3596 coni.
805 3542 1099 3597 Ham-telius
1239 3539 1244 3546 “
1306 3543 1338 3597 5
1385 3557 1499 3597 esse
1533 3558 1629 3596 nos
1678 3541 1725 3596 S
1923 3543 1956 3596 6
1998 3557 2096 3597 nos
2132 3542 2305 3611 posse]
2340 3556 2450 3595 non
2485 3557 2635 3610 posse
2670 3541 2749 3596 Α*

617 3626 649 3679 7
687 3625 900 3681 actibus
933 3625 1095 3681 D¹M
1111 3627 1346 3683 editores
1552 3634 1693 3682 unus
1741 3627 1880 3693 Mb,
1938 3642 2109 3682 unum
2143 3627 2261 3684 rell.
2470 3641 2714 3696 unusque
2754 3627 2827 3682 M
2835 3628 2881 3695 b,

615 3728 892 3780 unumque
929 3711 1049 3768 rell.
1221 3714 1257 3768 8
1293 3712 1504 3766 animus
1539 3712 1675 3778 Mb,
1737 3713 1920 3766 anima
1953 3708 2070 3768 rell.
2247 3712 2315 3766 10
2349 3712 2531 3766 anima
2568 3728 2672 3770 om.
2707 3713 2756 3768 S

619 3808 681 3862 11
721 3807 857 3862 bene
891 3807 948 3862 R
1143 3806 1203 3860 in
1239 3807 1372 3876 ulla]
1409 3807 1560 3862 nulla
1597 3808 1643 3874 b,
1705 3807 1763 3860 in
1798 3807 1895 3861 illa
1929 3807 2190 3863 BDE¹F
2208 3807 2344 3875 Sela,
2404 3807 2551 3862 enim
2584 3807 2700 3862 ulla
2734 3809 2881 3863 Bar·

611 3927 762 3982 thius
972 3927 1040 3981 15
1092 3921 1550 3982 maior-molem
1598 3943 1698 3982 om.
1745 3927 2110 3983 AB>0¹DEF
2312 3927 2377 3982 16
2413 3918 2645 3996 ‘corporei
2694 3927 2759 3986 G·

616 4021 684 4074 18
725 4036 829 4090 quo
877 4037 978 4076 om.
1029 4019 1093 4076 0¹
1303 4023 1370 4076 19
1410 4012 1629 4076 'animae
1674 4019 2221 4078 AB¹GD¹GHLRS
2420 4019 2712 4076 didicimus
2757 4021 2877 4088 Mb,

611 4105 845 4160 dicimus
879 4107 1000 4162 rell.
1037 4113 1091 4163 et
1126 4107 1247 4163 Βοὴ.
1455 4107 1524 4161 20
1568 4105 1873 4162 didicimus·
1902 4103 2039 4175 Mb,
2102 4108 2329 4163 dicimus
2375 4105 2496 4162 rell.
2512 4113 2595 4162 -et
2620 4107 2742 4163 Sela.

611 4189 852 4244 21‘11110
907 4192 962 4248 G
1185 4193 1252 4246 23
1307 4193 1749 4260 non—sapiente
1799 4209 1899 4247 om.
1955 4192 2101 4248 ΟΨ*
2307 4193 2451 4247 idem
2504 4209 2614 4248 una
2666 4191 2879 4261 scripum

611 4291 722 4330 una
765 4275 958 4331 itidem
1003 4277 1169 4345 1326,
1227 4278 1369 4334 idem
1420 4279 1615 4334 omisso
1660 4295 1767 4333 una
1810 4279 1931 4334 rell.
1969 4285 2022 4334 et
2058 4277 2303 4334 editores·
2338 4278 2533 4346 (eidem
2571 4295 2644 4334 ex
2677 4278 2875 4332 ididem
