3175 5050
609 452 695 521 36
1381 456 1747 513 Claudiani
1788 457 2104 515 Mamerti

609 644 945 712 dicendum
1008 644 1136 709 est:
1202 662 1350 710 non
1419 644 1808 711 adficitur
1872 646 2390 729 passibiliter
2448 650 2668 733 deuS‚
2730 652 2873 718 sed:

607 767 759 816 non
818 748 1207 816 adficitur
1263 748 1466 815 deus.
1543 749 1602 814 si
1652 768 1776 815 non
1818 750 2124 830 adficitur,
2183 770 2308 817 non
2352 754 2547 819 sensit
2591 755 2873 836 conpati-

608 852 772 917 entis
846 851 1116 919 adfectu.
1207 855 1259 920 si
1325 853 1520 921 sensit
1594 854 2007 938 conpatientis
2076 854 2343 936 adfectu,
2421 860 2876 941 consequenter

608 956 916 1023 adficitur.

693 1078 813 1145 Aio
864 1096 1010 1161 ego:
1057 1076 1251 1143 nullis
1297 1078 1582 1144 adficitur
1628 1076 1845 1144 diuina
1890 1077 2265 1160 substantia,
2311 1079 2519 1164 inquis
2565 1082 2667 1148 tu:
2717 1082 2872 1148 deus
2924 1108 2953 1150 5

605 1198 728 1248 non
785 1182 1093 1249 adficitur.
1161 1183 1488 1248 redeamus
1555 1183 1625 1249 in
1682 1184 1973 1269 gratiam.
2049 1185 2487 1266 pessumdetur
2546 1204 2577 1250 e
2641 1186 2871 1262 medio,

607 1272 715 1369 qui
759 1288 822 1351 te
867 1286 1152 1353 fortassis
1196 1288 1505 1371 ignarum,
1553 1288 1716 1369 quod
1760 1288 1927 1351 certe
1970 1288 2165 1369 patet,
2206 1286 2530 1353 incautum
2564 1288 2873 1371 respergit

603 1388 884 1455 infamia.
961 1390 1067 1456 sed
1121 1390 1502 1473 superadicis
1560 1390 1625 1455 et
1682 1390 2033 1472 apostolum
2096 1388 2329 1456 dixisse
2374 1391 2745 1477 pronuntias
2792 1392 2870 1455 de

607 1491 852 1559 Christo
897 1494 1026 1559 iam
1069 1495 1136 1560 in
1167 1492 1357 1559 caelis
1387 1492 1622 1575 posito:
1662 1492 2031 1559 habemus
2076 1496 2317 1560 talem
2361 1490 2865 1579 pontificem,

604 1597 737 1681 qui
797 1596 1055 1681 possit
1117 1595 1438 1679 conpati
1496 1596 2143 1663 infirmitatibus
2202 1599 2540 1679 nostris,
2598 1601 2660 1663 et
2704 1601 2949 1669 tam-10

606 1717 794 1783 quam
836 1699 1000 1765 nihil
1055 1700 1154 1767 hic
1185 1700 1272 1766 sit
1299 1700 1816 1783 pertractandum
1848 1700 2456 1785 discutiendumque,
2489 1702 2869 1767 satisfecisse

603 1808 669 1870 te
734 1806 1046 1888 proposito
1121 1804 1406 1889 gloriaris
1481 1803 1865 1869 transiturus
1933 1801 2013 1868 ad
2087 1805 2346 1870 tertiam
2420 1804 2869 1887 quaestionem.

603 1906 802 1989 igitur
862 1911 933 1972 ut
977 1926 1164 1989 quam
1207 1905 1580 1972 breuissime
1640 1926 2006 1989 responsum
2065 1907 2353 1993 referam,
2420 1908 2698 1991 pontifex
2740 1908 2867 1987 ille,

605 2011 811 2091 credo,
859 2013 955 2075 est
998 2008 1106 2092 qui
1149 2008 1580 2093 principaliter
1624 2013 1786 2094 apud
1817 2010 2214 2076 diuinitatem
2246 2030 2527 2078 summae
2557 2011 2869 2077 trinitatis

604 2114 866 2181 humani
909 2113 1154 2197 generis
1199 2110 1411 2179 oblata
1454 2112 1785 2191 sacrificat,
1830 2114 2083 2197 peccata
2113 2114 2339 2196 expiat,
2372 2117 2521 2181 uota
2554 2132 2870 2180 commen-
2890 2142 2943 2183 15

605 2219 734 2285 dat.
810 2218 942 2301 ipse
986 2234 1131 2303 ergo
1175 2234 1363 2282 uerus
1408 2217 1694 2283 sacerdos
1741 2218 1856 2301 est,
1911 2216 2061 2299 quia
2103 2218 2157 2282 si
2200 2216 2365 2283 filius
2397 2218 2497 2283 dei
2529 2216 2869 2285 secundum

603 2303 670 2390 id
737 2323 905 2405 quod
971 2322 1244 2405 aequalis
1315 2324 1410 2387 est
1474 2320 1666 2404 patri,
1737 2339 1860 2387 non
1920 2321 2055 2386 tam
2114 2339 2324 2404 preces
2383 2320 2613 2401 fundit,
2682 2337 2871 2403 quam

604 2429 930 2509 precantes
992 2424 1278 2501 exaudit,
1339 2424 1525 2490 homo
1585 2424 1797 2508 potius
1856 2423 1963 2490 hic
2008 2424 2472 2509 intellegendus
2521 2426 2635 2504 est,
2683 2444 2868 2509 quem

603 2529 964 2614 pontificem
1025 2529 1344 2612 apostolus
1404 2529 1615 2595 dicens
1674 2530 2029 2612 nostrisque
2083 2529 2561 2597 infirmitatibus
2620 2528 2867 2614 conpati

604 2634 1016 2716 pronuntians
1085 2632 1160 2698 de
1234 2633 1365 2714 ipso
1432 2632 1656 2698 itidem
1715 2633 1904 2700 dicit:
1969 2631 2351 2698 Christus
2411 2633 2680 2714 IesuS‚
2734 2631 2937 2715 quiza

604 2738 974 2803 mortuus
1045 2737 1194 2816 est,
1260 2736 1491 2800 immo
1561 2736 1798 2802 etiam
1868 2736 2017 2819 qui·
2060 2738 2136 2802 et
2195 2735 2686 2815 resurrexit,
2739 2733 2868 2818 qui

605 2844 724 2906 est
768 2843 846 2906 in
891 2839 1216 2906 dextera
1260 2839 1414 2917 dei,
1463 2837 1595 2921 qui
1640 2839 1888 2904 etiam
1932 2838 2407 2922 interpellat
2451 2858 2585 2922 pro
2618 2837 2865 2905 nobis,
2928 2895 2933 2899 .

603 2946 716 3012 ille
784 2962 930 3029 ergo
995 2943 1274 3027 pontifex
1344 2945 1703 3028 conpatitur
1774 2943 1975 3024 nobis
2046 2945 2154 3026 qui
2213 2947 2278 3009 et
2335 2944 2699 3026 interpellat
2757 2957 2864 3024 pro

604 3049 804 3117 nobis,
870 3049 980 3114 ille
1036 3067 1185 3114 uero
1245 3049 1352 3130 qui
1408 3048 1839 3132 interpellanti
1907 3048 2147 3125 adnuit,
2215 3049 2355 3130 ipsa
2420 3045 2677 3112 trinitas
2744 3061 2866 3110 non

603 3151 864 3219 haberet
920 3151 1138 3234 utique
1197 3171 1382 3234 quem
1443 3151 1563 3216 sibi
1623 3151 2022 3233 interpellare
2080 3152 2499 3217 necessarium
2566 3149 2747 3231 foret,
2810 3148 2933 3216 sias

586 3237 740 3339 ‘pati
801 3258 912 3322 aut
969 3255 1149 3322 adfici
1206 3256 1524 3322 ullatenus
1579 3256 1809 3338 posset.
1848 3249 2096 3321 'iamne
2152 3254 2470 3338 intellegis
2530 3254 2867 3322 aduersum

809 3462 843 3516 9
877 3461 1038 3517 Hebr.
1073 3466 1123 3527 4,
1164 3460 1230 3516 15
1349 3523 1354 3526 ,
1431 3459 1502 3513 20
1534 3459 1688 3515 Rom.
1724 3459 1774 3525 8,
1810 3457 1881 3513 34

707 3651 742 3706 2
765 3649 1118 3706 ssi—adfectu
1142 3665 1243 3704 om.
1267 3645 1373 3704 ΒΟ
1541 3647 1576 3702 5
1610 3647 1715 3716 aio]
1741 3650 1800 3701 at
1822 3645 2162 3702 ABDEFP
2328 3662 2453 3716 ergo
2478 3645 2586 3704 ΒΤ
2606 3647 2730 3704 Sela.

601 3736 1138 3794 diuina—adficitur
1171 3751 1272 3791 om.
1309 3735 1400 3789 Μι
1582 3733 1614 3788 7
1652 3733 1763 3804 qui]
1802 3749 1939 3802 quae
1971 3734 2114 3790 coni.
2152 3733 2421 3789 Barthius
2592 3733 2865 3803 ingratum

601 3827 746 3883 com’.
781 3822 1057 3879 Bar-thius
1226 3821 1393 3892 patet]
1431 3821 1526 3876 aut
1560 3819 1691 3874 add.
1730 3819 1990 3874 Schottus
2170 3817 2468 3888 incautum]
2508 3819 2567 3873 in
2602 3821 2865 3890 quantum

602 3911 680 3968 M
713 3914 876 3980 (corr.
914 3909 976 3962 in
1009 3909 1220 3978 mara),
1277 3907 1552 3962 incautum
1587 3906 1671 3972 R,
1732 3905 1967 3960 incautis
2001 3905 2049 3972 b,
2109 3903 2357 3960 incautus
2384 3921 2429 3974 p
2635 3905 2672 3960 8
2706 3920 2867 3974 supra

603 4006 740 4061 dicis
797 4003 850 4060 θ
1061 4003 1126 4057 11
1177 4001 1649 4074 praetractandum
1702 4001 1919 4056 mauult
1970 3999 2248 4056 Barthius
2458 4000 2524 4053 14
2576 4001 2661 4054 est
2712 3998 2867 4054 credo

603 4106 651 4163 S
857 4107 922 4161 15
971 4089 1178 4160 sc⁹ificat
1224 4104 1322 4170 M,
1379 4103 1683 4158 sanctificat
1728 4103 1759 4158 b
1968 4102 2033 4157 16
2080 4104 2234 4175 quasi
2278 4102 2349 4170 0,
2390 4101 2501 4172 qui
2536 4101 2619 4166 R,
2679 4102 2730 4155 si
2764 4115 2887 4156 σπι..

602 4225 773 4281 ΜΒὺ
970 4227 1036 4280 18
1070 4232 1177 4294 qua·
1213 4223 1268 4282 R
1462 4223 1530 4278 22
1566 4189 1635 4278 a¹t¹²l
1651 4205 1656 4210 ⁵
1670 4224 1939 4278 dexteram
1989 4221 2047 4290 Ο,
2105 4224 2162 4276 in
2196 4198 2466 4278 dexteram
2500 4222 2557 4278 R
2748 4222 2868 4277 dex·

601 4323 691 4376 tra
716 4320 769 4375 L
905 4319 976 4374 24
999 4319 1084 4374 cui
1108 4321 1249 4376 coni.
1275 4319 1552 4375 Barthius
1688 4333 1796 4374 non
1819 4333 1923 4373 om.
1954 4316 2007 4371 G
2156 4317 2225 4370 25
2248 4315 2440 4372 habere
2472 4313 2726 4372 omn&

603 4423 659 4463 se
695 4407 774 4462 ibi
809 4408 946 4462 coni.
984 4407 1256 4462 Bar-thius
1460 4407 1530 4461 26
1565 4408 1743 4476 posset
1784 4405 1921 4471 618³,
1976 4405 2148 4474 possit
2183 4403 2298 4460 rell.
2335 4410 2385 4461 et
2422 4403 2650 4460 editores
2680 4405 2686 4408 ’
2782 4448 2789 4458 .
