3175 5050
677 409 759 483 18
1444 411 1813 466 Claudiani
1849 411 2159 466 Mamerti

1375 1130 2238 1244 CLAVDIANI

673 1390 1382 1502 MAMERTI
1462 1390 1653 1501 DE
1737 1319 2235 1501 smv
2316 1386 2937 1499 ANIMAE

1523 1643 2081 1730 LIBRITRES.
2296 1600 2305 1606 ⁸

1435 1901 2168 2000 PRAEFATIO.

675 2143 1195 2194 PRAEFECTORIO
1237 2143 1562 2192 PATRICIO
1607 2143 2016 2192 DOCTISSIMO
2060 2144 2147 2192 ΕΤ
2182 2141 2440 2190 OPTIMO
2477 2141 2644 2190 VIRO
2686 2139 2933 2190 sonmo

1394 2245 1675 2296 SIDONIO
1757 2247 1890 2295 CLA
1898 2246 2215 2295 VDIANVS.

759 2386 1114 2452 Editionem
1173 2385 1531 2450 libellorum
1591 2385 1748 2450 mihi
1810 2403 1962 2467 quos
2020 2385 2096 2449 de
2156 2385 2399 2449 animae
2453 2384 2625 2449 statu
2682 2382 2935 2448 condidi

671 2485 970 2556 reticendi
1015 2489 1237 2555 cautus
1283 2492 1346 2555 et
1389 2487 1684 2571 loquendi
1729 2505 1956 2572 pensus
2002 2487 2233 2554 arbiter
2262 2485 2609 2571 imperasti:
2682 2485 2777 2552 fas
2812 2485 2933 2551 fuit
2971 2503 2994 2545 ⁵

673 2595 908 2659 memet
967 2593 1310 2659 doctissimi
1371 2596 1558 2675 atque
1618 2592 2038 2658 amantissimi
2097 2592 2199 2658 uel
2256 2592 2520 2674 peritiae
2564 2594 2779 2656 cedere
2829 2588 2931 2653 uel

675 2695 922 2760 credere
973 2695 1308 2762 amicitiae.
1382 2699 1487 2762 sed
1532 2699 1604 2761 ut
1647 2698 1785 2761 tute
1830 2696 2076 2781 egregie
2107 2700 2471 2778 conpertum
2503 2697 2696 2776 tenes,
2743 2692 2932 2759 multi

674 2798 794 2863 hoc
859 2799 1028 2863 idem
1095 2797 1251 2864 mihi
1319 2800 1383 2863 et
1424 2800 1593 2864 idem
1662 2799 1782 2881 ipsi
1849 2802 2058 2864 tecum
2124 2799 2342 2882 magni
2409 2798 2749 2865 admodum
2809 2796 2933 2861 uiri

675 2902 996 2983 negotium
1040 2900 1283 2987 dedere,
1337 2907 1496 2983 quod
1544 2906 1793 2984 egomet
1840 2901 2007 2967 haud
2054 2907 2288 2969 temere
2332 2903 2760 2984 suscepissem,
2809 2898 2933 2964 nisi

675 3004 739 3069 id
802 3023 1090 3086 spernere
1151 3005 1560 3087 periculosius
1622 3023 1811 3087 quam
1868 3024 2051 3086 agere
2110 3004 2479 3071 laboriosius
2536 3007 2929 3082 indicassem,
2949 3025 2993 3066 ιο

675 3126 1056 3191 quamquam
1123 3127 1232 3192 pro
1297 3108 1469 3175 uirili
1536 3113 1718 3190 parte
1784 3128 1994 3174 meum
2061 3129 2301 3193 quoque
2373 3110 2566 3175 fuerit
2630 3109 2734 3175 uel
2812 3127 2933 3174 non

677 3209 1090 3290 admonitum,
1156 3218 1344 3295 prout
1408 3231 1588 3296 posse
1654 3215 1889 3293 subest,
1960 3216 2241 3281 adserere
2286 3215 2641 3280 ueritatem.
2714 3212 2931 3296 scripsi

674 3332 871 3416 igitur
935 3352 1133 3417 pauca
1196 3334 1356 3399 haec
1421 3334 1620 3401 ueluti
1686 3339 1988 3419 quaedam
2054 3338 2367 3403 rationum
2441 3336 2697 3413 semina,
2776 3352 2932 3419 quae

677 3435 997 3501 studiosus
1065 3438 1324 3520 quisque
1397 3438 1451 3503 si
1498 3457 1621 3503 non
1667 3443 1862 3506 otiose
1935 3443 2235 3523 capessat,
2308 3443 2381 3504 ut
2454 3456 2567 3523 ego
2642 3436 2931 3511 arbitror,

795 3725 824 3777 1
876 3738 1096 3779 meren·
1145 3740 1466 3782 rumano
1518 3743 1817 3785 mnonvu
1869 3742 2183 3784 caunum
2233 3726 2804 3783 ABGDEFHMRS

674 3810 710 3863 2
745 3814 801 3863 et
836 3810 1036 3865 obtimo
1072 3828 1342 3881 super-scr.
1377 3814 1470 3868 Μ’
1676 3814 1781 3869 soli
1827 3815 1901 3869 M
2100 3817 2135 3871 3
2171 3814 2503 3884 claudianus]
2539 3814 2771 3869 salutem
2804 3809 2936 3866 add.

679 3896 934 3951 Schottus
1135 3899 1172 3953 4
1223 3900 1360 3953 mihi
1405 3916 1506 3956 om.
1544 3918 1607 3971 p,
1659 3902 1859 3957 inserit
1902 3909 2085 3957 autem
2125 3907 2255 3971 post
2300 3900 2504 3956 arbiter
2710 3900 2742 3955 7
2794 3897 2933 3966 tute]

676 3999 733 4050 te
770 3998 848 4062 B,
909 4002 969 4053 tu
1005 4000 1137 4056 aad.
1182 4004 1245 4057 in
1278 4020 1450 4073 marg.
1498 4006 1593 4070 B²‚
1654 4008 1711 4059 tu
1748 4009 1838 4060 tao
1870 4006 1941 4060 H
2140 4007 2351 4075 aegrine
2385 4005 2474 4070 Η,
2532 3985 2724 4073 aegro*
2759 4002 2806 4058 S

675 4084 712 4137 8
746 4083 911 4153 idem]
937 4085 1080 4139 idest
1104 4088 1158 4141 Α
1334 4091 1368 4144 9
1402 4093 1500 4144 aut
1533 4090 1700 4147 ΗΕΒ
1868 4090 2011 4145 haud
2034 4094 2235 4147 temere
2254 4091 2623 4160 suscepissem]
2652 4088 2934 4158 adgressus

675 4171 932 4237 cepissem
965 4172 1063 4239 M1,
1115 4174 1265 4229 wude
1297 4192 1456 4245 aegre
1491 4177 1831 4245 suscepissem
1865 4178 2105 4233 conicias
2284 4178 2351 4233 10
2384 4192 2681 4246 spernerem
2702 4175 2811 4231 ΔΒ
2820 4174 2933 4237 GR,

678 4256 748 4310 H
763 4258 826 4311 im
847 4274 960 4315 ras.
1131 4276 1376 4330 spernere
1398 4262 1457 4317 id
1477 4263 1661 4317 DEF
1830 4266 1892 4317 11
1928 4265 2041 4318 fuit
2077 4264 2131 4320 G
2302 4263 2413 4333 uel]
2440 4262 2533 4317 sed
2556 4260 2809 4317 B²DEF

677 4343 1012 4397 admonitum
1041 4362 1086 4414 p
1113 4346 1261 4414 Sela,
1321 4352 1601 4404 ammonit'
1637 4351 1734 4419 M,
1792 4350 2103 4406 admonitus
2138 4350 2187 4417 b,
2246 4350 2521 4405 admonito
2555 4349 2673 4405 rell.
