<?xml version="1.0" encoding="UTF-8"?>
<!DOCTYPE html PUBLIC "-//W3C//DTD XHTML 1.0 Transitional//EN"
    "http://www.w3.org/TR/xhtml1/DTD/xhtml1-transitional.dtd">
<html xmlns="http://www.w3.org/1999/xhtml" xml:lang="en" lang="en">
 <head>
  <title>
</title>
<meta http-equiv="Content-Type" content="text/html;charset=utf-8" />
  <meta name='ocr-system' content='tesseract 3.04.00' />
  <meta name='ocr-capabilities' content='ocr_page ocr_carea ocr_par ocr_line ocrx_word'/>
</head>
<body>
  <div class='ocr_page' id='page_1' title='image "./corpusscriptoru28wiengoog_0346.png"; bbox 0 0 3175 5050; ppageno 0'>
   <div class='ocr_carea' id='block_1_1' title="bbox 663 606 2909 1104">
    <p class='ocr_par' dir='ltr' id='par_1_1' title="bbox 663 606 2909 1104">
     <span class='ocr_line' id='line_1_1' title="bbox 872 606 2901 678; baseline -0.002 -16"><span class='ocrx_word' id='word_1_1' title='bbox 872 609 954 663; x_wconf 79' lang='lat' dir='ltr'><strong>Ne.</strong></span> <span class='ocrx_word' id='word_1_2' title='bbox 1006 610 1125 678; x_wconf 80' lang='lat' dir='ltr'><strong>tota</strong></span> <span class='ocrx_word' id='word_1_3' title='bbox 1175 608 1389 677; x_wconf 82' lang='lat' dir='ltr'><strong>pagella</strong></span> <span class='ocrx_word' id='word_1_4' title='bbox 1443 608 1672 671; x_wconf 75' lang='lat' dir='ltr'><strong>uacaret,</strong></span> <span class='ocrx_word' id='word_1_5' title='bbox 1726 606 1957 660; x_wconf 89' lang='lat' dir='ltr'><strong>indicem</strong></span> <span class='ocrx_word' id='word_1_6' title='bbox 2002 606 2194 660; x_wconf 83' lang='lat' dir='ltr'><strong>addere</strong></span> <span class='ocrx_word' id='word_1_7' title='bbox 2240 607 2445 676; x_wconf 75' lang='lat' dir='ltr'><strong>placuit</strong></span> <span class='ocrx_word' id='word_1_8' title='bbox 2494 607 2741 672; x_wconf 85' lang='lat' dir='ltr'><strong>locorum,</strong></span> <span class='ocrx_word' id='word_1_9' title='bbox 2790 622 2901 676; x_wconf 84' lang='lat' dir='ltr'><strong>quos</strong></span> 
     </span>
     <span class='ocr_line' id='line_1_2' title="bbox 667 693 2903 764; baseline -0.002 -15"><span class='ocrx_word' id='word_1_10' title='bbox 667 696 725 750; x_wconf 92' lang='lat' dir='ltr'><strong>in</strong></span> <span class='ocrx_word' id='word_1_11' title='bbox 773 695 1102 764; x_wconf 76' lang='lat' dir='ltr'><strong>praefatione</strong></span> <span class='ocrx_word' id='word_1_12' title='bbox 1147 695 1306 762; x_wconf 88' lang='lat' dir='ltr'><strong>paulo</strong></span> <span class='ocrx_word' id='word_1_13' title='bbox 1353 694 1516 746; x_wconf 86' lang='lat' dir='ltr'><strong>aliter</strong></span> <span class='ocrx_word' id='word_1_14' title='bbox 1559 708 1718 761; x_wconf 84' lang='lat' dir='ltr'><strong>quam</strong></span> <span class='ocrx_word' id='word_1_15' title='bbox 1756 693 1814 745; x_wconf 90' lang='lat' dir='ltr'><strong>in</strong></span> <span class='ocrx_word' id='word_1_16' title='bbox 1850 693 1969 760; x_wconf 77' lang='lat' dir='ltr'><strong>ipsa</strong></span> <span class='ocrx_word' id='word_1_17' title='bbox 2004 695 2187 746; x_wconf 77' lang='lat' dir='ltr'><strong>textus</strong></span> <span class='ocrx_word' id='word_1_18' title='bbox 2220 693 2523 746; x_wconf 79' lang='lat' dir='ltr'><strong>recensione</strong></span> <span class='ocrx_word' id='word_1_19' title='bbox 2559 693 2903 748; x_wconf 76' lang='lat' dir='ltr'><strong>tractauimus.</strong></span> 
     </span>
     <span class='ocr_line' id='line_1_3' title="bbox 667 777 2905 848; baseline -0.001 -14"><span class='ocrx_word' id='word_1_20' title='bbox 667 781 924 836; x_wconf 84' lang='lat' dir='ltr'><strong>breuitati</strong></span> <span class='ocrx_word' id='word_1_21' title='bbox 976 781 1253 834; x_wconf 75' lang='lat' dir='ltr'><strong>studentes</strong></span> <span class='ocrx_word' id='word_1_22' title='bbox 1301 777 1620 832; x_wconf 81' lang='lat' dir='ltr'><strong>subiecimus</strong></span> <span class='ocrx_word' id='word_1_23' title='bbox 1666 779 1919 832; x_wconf 79' lang='lat' dir='ltr'><strong>editionis</strong></span> <span class='ocrx_word' id='word_1_24' title='bbox 1964 782 2175 832; x_wconf 88' lang='lat' dir='ltr'><strong>nostrae</strong></span> <span class='ocrx_word' id='word_1_25' title='bbox 2210 779 2531 848; x_wconf 82' lang='lat' dir='ltr'><strong>paginarum</strong></span> <span class='ocrx_word' id='word_1_26' title='bbox 2566 779 2905 848; x_wconf 81' lang='lat' dir='ltr'><strong>linearumque</strong></span> 
     </span>
     <span class='ocr_line' id='line_1_4' title="bbox 665 865 2903 934; baseline -0.002 -13"><span class='ocrx_word' id='word_1_27' title='bbox 665 883 912 922; x_wconf 84' lang='lat' dir='ltr'><strong>numeros</strong></span> <span class='ocrx_word' id='word_1_28' title='bbox 966 866 1163 920; x_wconf 85' lang='lat' dir='ltr'><strong>additis</strong></span> <span class='ocrx_word' id='word_1_29' title='bbox 1213 865 1283 918; x_wconf 83' lang='lat' dir='ltr'><strong>iis</strong></span> <span class='ocrx_word' id='word_1_30' title='bbox 1336 865 1682 930; x_wconf 83' lang='lat' dir='ltr'><strong>lectionibus,</strong></span> <span class='ocrx_word' id='word_1_31' title='bbox 1737 880 1870 934; x_wconf 75' lang='lat' dir='ltr'><strong>quas</strong></span> <span class='ocrx_word' id='word_1_32' title='bbox 1924 881 2065 919; x_wconf 87' lang='lat' dir='ltr'><strong>nunc</strong></span> <span class='ocrx_word' id='word_1_33' title='bbox 2118 881 2229 918; x_wconf 85' lang='lat' dir='ltr'><strong>esse</strong></span> <span class='ocrx_word' id='word_1_34' title='bbox 2284 865 2610 934; x_wconf 85' lang='lat' dir='ltr'><strong>recipiendas</strong></span> <span class='ocrx_word' id='word_1_35' title='bbox 2656 881 2903 918; x_wconf 79' lang='lat' dir='ltr'><strong>censemus</strong></span> 
     </span>
     <span class='ocr_line' id='line_1_5' title="bbox 667 950 2905 1020; baseline -0.001 -14"><span class='ocrx_word' id='word_1_36' title='bbox 667 954 896 1019; x_wconf 87' lang='lat' dir='ltr'><strong>(numeri</strong></span> <span class='ocrx_word' id='word_1_37' title='bbox 931 953 1081 1006; x_wconf 81' lang='lat' dir='ltr'><strong>uncis</strong></span> <span class='ocrx_word' id='word_1_38' title='bbox 1117 953 1313 1006; x_wconf 86' lang='lat' dir='ltr'><strong>inclusi</strong></span> <span class='ocrx_word' id='word_1_39' title='bbox 1343 951 1412 1006; x_wconf 80' lang='lat' dir='ltr'><strong>ad</strong></span> <span class='ocrx_word' id='word_1_40' title='bbox 1436 951 1781 1019; x_wconf 82' lang='lat' dir='ltr'><strong>praefationis</strong></span> <span class='ocrx_word' id='word_1_41' title='bbox 1804 950 2035 1020; x_wconf 84' lang='lat' dir='ltr'><strong>paginas</strong></span> <span class='ocrx_word' id='word_1_42' title='bbox 2058 951 2380 1020; x_wconf 86' lang='lat' dir='ltr'><strong>pertinent):</strong></span> <span class='ocrx_word' id='word_1_43' title='bbox 2421 952 2501 1018; x_wconf 87' lang='lat'>19,</span> <span class='ocrx_word' id='word_1_44' title='bbox 2528 953 2559 1005; x_wconf 91' lang='lat'>1</span> <span class='ocrx_word' id='word_1_45' title='bbox 2597 952 2785 1005; x_wconf 77' lang='lat' dir='ltr'><strong>exhinc</strong></span> <span class='ocrx_word' id='word_1_46' title='bbox 2807 951 2905 1020; x_wconf 82' lang='lat'>(25)</span> 
     </span>
     <span class='ocr_line' id='line_1_6' title="bbox 663 1037 2909 1104; baseline -0 -13"><span class='ocrx_word' id='word_1_47' title='bbox 663 1069 733 1078; x_wconf 89' lang='lat'><em>—</em></span> <span class='ocrx_word' id='word_1_48' title='bbox 767 1039 851 1103; x_wconf 86' lang='lat'>19,</span> <span class='ocrx_word' id='word_1_49' title='bbox 893 1038 960 1092; x_wconf 89' lang='grc'><strong>18</strong></span> <span class='ocrx_word' id='word_1_50' title='bbox 997 1037 1227 1092; x_wconf 77' lang='lat' dir='ltr'><strong>diuersa</strong></span> <span class='ocrx_word' id='word_1_51' title='bbox 1267 1037 1378 1103; x_wconf 88' lang='grc'>(16)</span> <span class='ocrx_word' id='word_1_52' title='bbox 1413 1067 1484 1078; x_wconf 90' lang='grc'><strong>-</strong></span> <span class='ocrx_word' id='word_1_53' title='bbox 1516 1037 1603 1104; x_wconf 90' lang='grc'><strong>22,</strong></span> <span class='ocrx_word' id='word_1_54' title='bbox 1638 1038 1671 1091; x_wconf 90' lang='grc'><strong>9</strong></span> <span class='ocrx_word' id='word_1_55' title='bbox 1706 1037 1955 1090; x_wconf 81' lang='lat' dir='ltr'><strong>sentiunt</strong></span> <span class='ocrx_word' id='word_1_56' title='bbox 1987 1037 2095 1103; x_wconf 88' lang='lat'>(16)</span> <span class='ocrx_word' id='word_1_57' title='bbox 2130 1067 2197 1078; x_wconf 89' lang='lat'><em>-</em></span> <span class='ocrx_word' id='word_1_58' title='bbox 2234 1038 2319 1102; x_wconf 82' lang='grc'><strong>23,</strong></span> <span class='ocrx_word' id='word_1_59' title='bbox 2356 1038 2423 1091; x_wconf 87' lang='grc'><strong>16</strong></span> <span class='ocrx_word' id='word_1_60' title='bbox 2466 1038 2678 1090; x_wconf 81' lang='lat' dir='ltr'><strong>intrari</strong></span> <span class='ocrx_word' id='word_1_61' title='bbox 2714 1037 2813 1102; x_wconf 82' lang='lat'>(44)</span> <span class='ocrx_word' id='word_1_62' title='bbox 2845 1067 2909 1077; x_wconf 95' lang='lat'>—</span> 
     </span>
    </p>
   </div>
   <div class='ocr_carea' id='block_1_2' title="bbox 552 1123 2909 1194">
    <p class='ocr_par' dir='ltr' id='par_1_2' title="bbox 552 1123 2909 1194">
     <span class='ocr_line' id='line_1_7' title="bbox 552 1123 2909 1194; baseline -0.001 -16"><span class='ocrx_word' id='word_1_63' title='bbox 552 1124 563 1138; x_wconf 84' lang='lat'><em>⁰</em></span> <span class='ocrx_word' id='word_1_64' title='bbox 663 1125 748 1187; x_wconf 97' lang='lat'><strong>24,</strong></span> <span class='ocrx_word' id='word_1_65' title='bbox 785 1125 818 1178; x_wconf 87' lang='lat'>6</span> <span class='ocrx_word' id='word_1_66' title='bbox 853 1126 1126 1194; x_wconf 66' lang='lat' dir='ltr'><strong>cognitum</strong></span> <span class='ocrx_word' id='word_1_67' title='bbox 1163 1123 1270 1190; x_wconf 87' lang='lat'>(45)</span> <span class='ocrx_word' id='word_1_68' title='bbox 1299 1155 1363 1164; x_wconf 94' lang='grc'><strong>--</strong></span> <span class='ocrx_word' id='word_1_69' title='bbox 1389 1125 1475 1188; x_wconf 91' lang='grc'><strong>24,</strong></span> <span class='ocrx_word' id='word_1_70' title='bbox 1501 1124 1569 1178; x_wconf 92' lang='grc'><strong>14</strong></span> <span class='ocrx_word' id='word_1_71' title='bbox 1598 1124 1979 1178; x_wconf 82' lang='lat' dir='ltr'><strong>animaduerto</strong></span> <span class='ocrx_word' id='word_1_72' title='bbox 2006 1125 2114 1192; x_wconf 88' lang='grc'>(16)</span> <span class='ocrx_word' id='word_1_73' title='bbox 2141 1153 2203 1164; x_wconf 89' lang='lat'><em>-</em></span> <span class='ocrx_word' id='word_1_74' title='bbox 2229 1123 2315 1189; x_wconf 91' lang='lat'><strong>24,</strong></span> <span class='ocrx_word' id='word_1_75' title='bbox 2343 1124 2410 1177; x_wconf 86' lang='lat'>15</span> <span class='ocrx_word' id='word_1_76' title='bbox 2433 1123 2695 1191; x_wconf 78' lang='lat' dir='ltr'><strong>inpendio</strong></span> <span class='ocrx_word' id='word_1_77' title='bbox 2721 1123 2825 1191; x_wconf 90' lang='grc'>(16)</span> <span class='ocrx_word' id='word_1_78' title='bbox 2845 1153 2909 1163; x_wconf 92' lang='grc'>-</span> 
     </span>
    </p>
   </div>
   <div class='ocr_carea' id='block_1_3' title="bbox 613 1207 2943 3602">
    <p class='ocr_par' dir='ltr' id='par_1_3' title="bbox 663 1207 2912 1280">
     <span class='ocr_line' id='line_1_8' title="bbox 663 1207 2912 1280; baseline -0.001 -16"><span class='ocrx_word' id='word_1_79' title='bbox 663 1211 748 1276; x_wconf 91' lang='grc'><strong>25,</strong></span> <span class='ocrx_word' id='word_1_80' title='bbox 783 1213 834 1266; x_wconf 90' lang='grc'>5.</span> <span class='ocrx_word' id='word_1_81' title='bbox 873 1211 988 1275; x_wconf 89' lang='grc'>108,</span> <span class='ocrx_word' id='word_1_82' title='bbox 1023 1211 1057 1264; x_wconf 87' lang='grc'><strong>4</strong></span> <span class='ocrx_word' id='word_1_83' title='bbox 1091 1211 1178 1264; x_wconf 78' lang='lat' dir='ltr'><strong>hic</strong></span> <span class='ocrx_word' id='word_1_84' title='bbox 1213 1210 1324 1278; x_wconf 88' lang='lat'>(16)</span> <span class='ocrx_word' id='word_1_85' title='bbox 1353 1239 1412 1250; x_wconf 94' lang='lat'>-</span> <span class='ocrx_word' id='word_1_86' title='bbox 1441 1210 1525 1274; x_wconf 89' lang='grc'><strong>32,</strong></span> <span class='ocrx_word' id='word_1_87' title='bbox 1552 1211 1619 1264; x_wconf 89' lang='grc'><strong>15</strong></span> <span class='ocrx_word' id='word_1_88' title='bbox 1653 1209 2063 1278; x_wconf 80' lang='lat' dir='ltr'><strong>obprobandum</strong></span> <span class='ocrx_word' id='word_1_89' title='bbox 2088 1209 2196 1280; x_wconf 86' lang='lat'>(45)</span> <span class='ocrx_word' id='word_1_90' title='bbox 2220 1239 2284 1248; x_wconf 92' lang='lat'>—</span> <span class='ocrx_word' id='word_1_91' title='bbox 2307 1209 2395 1276; x_wconf 89' lang='lat'><strong>40,</strong></span> <span class='ocrx_word' id='word_1_92' title='bbox 2424 1209 2488 1263; x_wconf 91' lang='grc'>16</span> <span class='ocrx_word' id='word_1_93' title='bbox 2513 1209 2699 1276; x_wconf 75' lang='lat' dir='ltr'><strong>Moysi</strong></span> <span class='ocrx_word' id='word_1_94' title='bbox 2726 1207 2825 1273; x_wconf 83' lang='lat'>(45)</span> <span class='ocrx_word' id='word_1_95' title='bbox 2848 1239 2912 1262; x_wconf 91' lang='lat'><strong>-.-</strong></span> 
     </span>
    </p>

    <p class='ocr_par' dir='ltr' id='par_1_4' title="bbox 661 1294 2912 1366">
     <span class='ocr_line' id='line_1_9' title="bbox 661 1294 2912 1366; baseline -0.001 -18"><span class='ocrx_word' id='word_1_96' title='bbox 661 1295 746 1357; x_wconf 88' lang='grc'><strong>42,</strong></span> <span class='ocrx_word' id='word_1_97' title='bbox 799 1295 862 1348; x_wconf 91' lang='grc'>18</span> <span class='ocrx_word' id='word_1_98' title='bbox 905 1296 1035 1350; x_wconf 78' lang='lat' dir='ltr'><strong>hinc</strong></span> <span class='ocrx_word' id='word_1_99' title='bbox 1083 1295 1188 1350; x_wconf 86' lang='lat' dir='ltr'><strong>del.</strong></span> <span class='ocrx_word' id='word_1_100' title='bbox 1237 1296 1344 1361; x_wconf 91' lang='grc'>(17)</span> <span class='ocrx_word' id='word_1_101' title='bbox 1381 1325 1447 1336; x_wconf 91' lang='grc'><strong>-</strong></span> <span class='ocrx_word' id='word_1_102' title='bbox 1482 1296 1569 1361; x_wconf 88' lang='grc'><strong>49,</strong></span> <span class='ocrx_word' id='word_1_103' title='bbox 1616 1295 1649 1348; x_wconf 89' lang='grc'>9</span> <span class='ocrx_word' id='word_1_104' title='bbox 1696 1295 1841 1364; x_wconf 77' lang='lat' dir='ltr'><strong>quod</strong></span> <span class='ocrx_word' id='word_1_105' title='bbox 1868 1333 1915 1350; x_wconf 93' lang='grc'><strong>..</strong></span> <span class='ocrx_word' id='word_1_106' title='bbox 1942 1297 2131 1366; x_wconf 74' lang='lat' dir='ltr'><strong>uiyent</strong></span> <span class='ocrx_word' id='word_1_107' title='bbox 2178 1296 2287 1362; x_wconf 94' lang='grc'>(17)</span> <span class='ocrx_word' id='word_1_108' title='bbox 2331 1326 2389 1336; x_wconf 93' lang='grc'><strong>-</strong></span> <span class='ocrx_word' id='word_1_109' title='bbox 2430 1296 2514 1360; x_wconf 87' lang='grc'><strong>50,</strong></span> <span class='ocrx_word' id='word_1_110' title='bbox 2563 1295 2629 1348; x_wconf 89' lang='grc'>13</span> <span class='ocrx_word' id='word_1_111' title='bbox 2676 1295 2773 1348; x_wconf 83' lang='lat' dir='ltr'><strong>illa</strong></span> <span class='ocrx_word' id='word_1_112' title='bbox 2814 1294 2912 1348; x_wconf 86' lang='lat' dir='ltr'><strong>del.</strong></span> 
     </span>
    </p>

    <p class='ocr_par' dir='ltr' id='par_1_5' title="bbox 619 1380 2913 1450">
     <span class='ocr_line' id='line_1_10' title="bbox 619 1380 2913 1450; baseline 0 -16"><span class='ocrx_word' id='word_1_113' title='bbox 619 1396 630 1400; x_wconf 87' lang='lat'><strong>·</strong></span> <span class='ocrx_word' id='word_1_114' title='bbox 663 1382 774 1447; x_wconf 91' lang='grc'>(18)</span> <span class='ocrx_word' id='word_1_115' title='bbox 809 1411 878 1421; x_wconf 89' lang='grc'><strong>-</strong></span> <span class='ocrx_word' id='word_1_116' title='bbox 912 1382 996 1446; x_wconf 87' lang='grc'><strong>50,</strong></span> <span class='ocrx_word' id='word_1_117' title='bbox 1037 1381 1102 1435; x_wconf 93' lang='grc'>18</span> <span class='ocrx_word' id='word_1_118' title='bbox 1135 1383 1293 1436; x_wconf 79' lang='lat' dir='ltr'><strong>homo</strong></span> <span class='ocrx_word' id='word_1_119' title='bbox 1328 1380 1431 1437; x_wconf 90' lang='lat' dir='ltr'><strong>del.</strong></span> <span class='ocrx_word' id='word_1_120' title='bbox 1471 1385 1526 1435; x_wconf 88' lang='lat' dir='ltr'><strong>et</strong></span> <span class='ocrx_word' id='word_1_121' title='bbox 1561 1399 1619 1435; x_wconf 83' lang='lat' dir='ltr'><strong>es</strong></span> <span class='ocrx_word' id='word_1_122' title='bbox 1650 1397 1747 1450; x_wconf 89' lang='lat' dir='ltr'><strong>pro</strong></span> <span class='ocrx_word' id='word_1_123' title='bbox 1785 1387 1865 1436; x_wconf 82' lang='lat' dir='ltr'><strong>est</strong></span> <span class='ocrx_word' id='word_1_124' title='bbox 1900 1383 2009 1448; x_wconf 88' lang='lat'>(18)</span> <span class='ocrx_word' id='word_1_125' title='bbox 2046 1411 2113 1422; x_wconf 90' lang='lat'><strong>-—</strong></span> <span class='ocrx_word' id='word_1_126' title='bbox 2147 1382 2232 1446; x_wconf 88' lang='grc'><strong>51,</strong></span> <span class='ocrx_word' id='word_1_127' title='bbox 2269 1383 2335 1437; x_wconf 91' lang='grc'><strong>19</strong></span> <span class='ocrx_word' id='word_1_128' title='bbox 2370 1381 2435 1435; x_wconf 85' lang='lat' dir='ltr'><strong>in</strong></span> <span class='ocrx_word' id='word_1_129' title='bbox 2467 1397 2562 1449; x_wconf 82' lang='lat' dir='ltr'><strong>pro</strong></span> <span class='ocrx_word' id='word_1_130' title='bbox 2596 1381 2675 1434; x_wconf 89' lang='lat' dir='ltr'><strong>sic</strong></span> <span class='ocrx_word' id='word_1_131' title='bbox 2708 1381 2814 1446; x_wconf 88' lang='lat'>(18)</span> <span class='ocrx_word' id='word_1_132' title='bbox 2846 1409 2913 1420; x_wconf 90' lang='lat'><strong>-—</strong></span> 
     </span>
    </p>

    <p class='ocr_par' dir='ltr' id='par_1_6' title="bbox 660 1465 2914 1540">
     <span class='ocr_line' id='line_1_11' title="bbox 660 1465 2914 1540; baseline 0 -19"><span class='ocrx_word' id='word_1_133' title='bbox 660 1467 745 1533; x_wconf 87' lang='grc'><strong>54,</strong></span> <span class='ocrx_word' id='word_1_134' title='bbox 779 1469 813 1520; x_wconf 89' lang='grc'><strong>3</strong></span> <span class='ocrx_word' id='word_1_135' title='bbox 848 1469 1085 1536; x_wconf 85' lang='lat' dir='ltr'><strong>conponi</strong></span> <span class='ocrx_word' id='word_1_136' title='bbox 1121 1471 1177 1521; x_wconf 90' lang='lat' dir='ltr'><strong>et</strong></span> <span class='ocrx_word' id='word_1_137' title='bbox 1212 1483 1278 1521; x_wconf 78' lang='lat' dir='ltr'><strong>ex</strong></span> <span class='ocrx_word' id='word_1_138' title='bbox 1315 1469 1423 1536; x_wconf 91' lang='lat'>(18)</span> <span class='ocrx_word' id='word_1_139' title='bbox 1463 1498 1528 1507; x_wconf 94' lang='lat'>—</span> <span class='ocrx_word' id='word_1_140' title='bbox 1565 1467 1648 1534; x_wconf 86' lang='lat'>56,</span> <span class='ocrx_word' id='word_1_141' title='bbox 1694 1469 1759 1522; x_wconf 93' lang='grc'><strong>10</strong></span> <span class='ocrx_word' id='word_1_142' title='bbox 1793 1469 2039 1537; x_wconf 80' lang='lat' dir='ltr'><strong>iusteque</strong></span> <span class='ocrx_word' id='word_1_143' title='bbox 2076 1468 2179 1540; x_wconf 64' lang='lat' dir='ltr'><strong>dei.</strong></span> <span class='ocrx_word' id='word_1_144' title='bbox 2225 1469 2335 1536; x_wconf 90' lang='lat'>(19)</span> <span class='ocrx_word' id='word_1_145' title='bbox 2362 1497 2429 1508; x_wconf 89' lang='lat'>-</span> <span class='ocrx_word' id='word_1_146' title='bbox 2454 1467 2537 1532; x_wconf 90' lang='grc'><strong>57,</strong></span> <span class='ocrx_word' id='word_1_147' title='bbox 2572 1465 2643 1520; x_wconf 89' lang='grc'><strong>20</strong></span> <span class='ocrx_word' id='word_1_148' title='bbox 2678 1472 2755 1521; x_wconf 81' lang='lat' dir='ltr'><strong>est</strong></span> <span class='ocrx_word' id='word_1_149' title='bbox 2794 1471 2914 1521; x_wconf 87' lang='lat' dir='ltr'><strong>ante</strong></span> 
     </span>
    </p>

    <p class='ocr_par' dir='ltr' id='par_1_7' title="bbox 659 1553 2918 1622">
     <span class='ocr_line' id='line_1_12' title="bbox 659 1553 2918 1622; baseline -0 -15"><span class='ocrx_word' id='word_1_150' title='bbox 659 1555 904 1608; x_wconf 78' lang='lat' dir='ltr'><strong>humana</strong></span> <span class='ocrx_word' id='word_1_151' title='bbox 937 1554 1042 1608; x_wconf 86' lang='lat' dir='ltr'><strong>del.</strong></span> <span class='ocrx_word' id='word_1_152' title='bbox 1079 1555 1188 1622; x_wconf 89' lang='grc'>(19)</span> <span class='ocrx_word' id='word_1_153' title='bbox 1215 1585 1278 1594; x_wconf 91' lang='grc'><strong>-</strong></span> <span class='ocrx_word' id='word_1_154' title='bbox 1305 1555 1390 1620; x_wconf 89' lang='grc'><strong>60,</strong></span> <span class='ocrx_word' id='word_1_155' title='bbox 1428 1553 1459 1607; x_wconf 90' lang='grc'>7</span> <span class='ocrx_word' id='word_1_156' title='bbox 1493 1570 1694 1608; x_wconf 89' lang='lat' dir='ltr'><strong>unum.</strong></span> <span class='ocrx_word' id='word_1_157' title='bbox 1715 1592 1729 1604; x_wconf 95' lang='lat'>.</span> <span class='ocrx_word' id='word_1_158' title='bbox 1760 1569 2064 1622; x_wconf 78' lang='lat' dir='ltr'><strong>unumque.</strong></span> <span class='ocrx_word' id='word_1_159' title='bbox 2085 1591 2099 1606; x_wconf 87' lang='lat'>.</span> <span class='ocrx_word' id='word_1_160' title='bbox 2137 1554 2330 1608; x_wconf 88' lang='lat' dir='ltr'><strong>anima</strong></span> <span class='ocrx_word' id='word_1_161' title='bbox 2368 1554 2475 1620; x_wconf 90' lang='lat'>(19)</span> <span class='ocrx_word' id='word_1_162' title='bbox 2502 1583 2566 1592; x_wconf 91' lang='lat'>—</span> <span class='ocrx_word' id='word_1_163' title='bbox 2593 1553 2675 1618; x_wconf 91' lang='lat'>60,</span> <span class='ocrx_word' id='word_1_164' title='bbox 2712 1553 2779 1606; x_wconf 87' lang='lat'><strong>23</strong></span> <span class='ocrx_word' id='word_1_165' title='bbox 2804 1569 2918 1606; x_wconf 82' lang='lat' dir='ltr'><strong>wna</strong></span> 
     </span>
    </p>

    <p class='ocr_par' dir='ltr' id='par_1_8' title="bbox 658 1637 2917 1709">
     <span class='ocr_line' id='line_1_13' title="bbox 658 1637 2917 1709; baseline -0.001 -16"><span class='ocrx_word' id='word_1_166' title='bbox 658 1640 850 1694; x_wconf 77' lang='lat' dir='ltr'><strong>itidem</strong></span> <span class='ocrx_word' id='word_1_167' title='bbox 887 1641 998 1709; x_wconf 88' lang='grc'>(31)</span> <span class='ocrx_word' id='word_1_168' title='bbox 1036 1671 1101 1682; x_wconf 88' lang='grc'>-</span> <span class='ocrx_word' id='word_1_169' title='bbox 1140 1641 1222 1703; x_wconf 91' lang='grc'>61,</span> <span class='ocrx_word' id='word_1_170' title='bbox 1261 1641 1292 1694; x_wconf 92' lang='grc'>7</span> <span class='ocrx_word' id='word_1_171' title='bbox 1327 1640 1422 1694; x_wconf 83' lang='lat' dir='ltr'><strong>sed</strong></span> <span class='ocrx_word' id='word_1_172' title='bbox 1463 1656 1558 1709; x_wconf 84' lang='lat' dir='ltr'><strong>pro</strong></span> <span class='ocrx_word' id='word_1_173' title='bbox 1594 1656 1746 1694; x_wconf 85' lang='lat' dir='ltr'><strong>nunc</strong></span> <span class='ocrx_word' id='word_1_174' title='bbox 1783 1640 1891 1706; x_wconf 82' lang='lat'>(17)</span> <span class='ocrx_word' id='word_1_175' title='bbox 1931 1669 1997 1680; x_wconf 92' lang='lat'><em>-</em></span> <span class='ocrx_word' id='word_1_176' title='bbox 2032 1641 2115 1704; x_wconf 87' lang='lat'><strong>63,</strong></span> <span class='ocrx_word' id='word_1_177' title='bbox 2164 1641 2226 1693; x_wconf 93' lang='grc'><strong>11</strong></span> <span class='ocrx_word' id='word_1_178' title='bbox 2265 1656 2332 1694; x_wconf 87' lang='lat' dir='ltr'><strong>ac</strong></span> <span class='ocrx_word' id='word_1_179' title='bbox 2363 1655 2460 1708; x_wconf 87' lang='lat' dir='ltr'><strong>pro</strong></span> <span class='ocrx_word' id='word_1_180' title='bbox 2498 1645 2550 1692; x_wconf 78' lang='lat' dir='ltr'><strong>et</strong></span> <span class='ocrx_word' id='word_1_181' title='bbox 2588 1637 2697 1706; x_wconf 89' lang='lat'>(19)</span> <span class='ocrx_word' id='word_1_182' title='bbox 2730 1666 2801 1678; x_wconf 92' lang='lat'><strong>-—</strong></span> <span class='ocrx_word' id='word_1_183' title='bbox 2833 1639 2917 1702; x_wconf 88' lang='grc'><strong>65,</strong></span> 
     </span>
    </p>

    <p class='ocr_par' dir='ltr' id='par_1_9' title="bbox 657 1725 2919 1794">
     <span class='ocr_line' id='line_1_14' title="bbox 657 1725 2919 1794; baseline 0 -14"><span class='ocrx_word' id='word_1_184' title='bbox 657 1727 692 1780; x_wconf 92' lang='grc'>9</span> <span class='ocrx_word' id='word_1_185' title='bbox 729 1727 917 1780; x_wconf 85' lang='lat' dir='ltr'><strong>anima</strong></span> <span class='ocrx_word' id='word_1_186' title='bbox 945 1765 992 1779; x_wconf 90' lang='lat'><strong>..</strong></span> <span class='ocrx_word' id='word_1_187' title='bbox 1020 1727 1239 1794; x_wconf 85' lang='lat' dir='ltr'><strong>corpori</strong></span> <span class='ocrx_word' id='word_1_188' title='bbox 1275 1725 1384 1792; x_wconf 87' lang='lat'>(19)</span> <span class='ocrx_word' id='word_1_189' title='bbox 1412 1755 1471 1766; x_wconf 90' lang='grc'><strong>--</strong></span> <span class='ocrx_word' id='word_1_190' title='bbox 1501 1727 1588 1791; x_wconf 90' lang='grc'><strong>66,</strong></span> <span class='ocrx_word' id='word_1_191' title='bbox 1616 1726 1681 1778; x_wconf 92' lang='grc'><strong>19</strong></span> <span class='ocrx_word' id='word_1_192' title='bbox 1718 1725 1974 1780; x_wconf 81' lang='lat' dir='ltr'><strong>dissicine</strong></span> <span class='ocrx_word' id='word_1_193' title='bbox 2010 1727 2119 1794; x_wconf 90' lang='grc'>(47)</span> <span class='ocrx_word' id='word_1_194' title='bbox 2148 1755 2215 1766; x_wconf 91' lang='grc'>-</span> <span class='ocrx_word' id='word_1_195' title='bbox 2238 1727 2321 1790; x_wconf 90' lang='grc'>67,</span> <span class='ocrx_word' id='word_1_196' title='bbox 2358 1727 2393 1778; x_wconf 92' lang='grc'>6</span> <span class='ocrx_word' id='word_1_197' title='bbox 2424 1741 2688 1794; x_wconf 72' lang='lat' dir='ltr'><strong>maynum</strong></span> <span class='ocrx_word' id='word_1_198' title='bbox 2724 1725 2831 1792; x_wconf 88' lang='grc'>(20)</span> <span class='ocrx_word' id='word_1_199' title='bbox 2852 1755 2919 1766; x_wconf 85' lang='lat'><strong>-·</strong></span> 
     </span>
    </p>

    <p class='ocr_par' dir='ltr' id='par_1_10' title="bbox 658 1801 2923 1880">
     <span class='ocr_line' id='line_1_15' title="bbox 658 1801 2923 1880; baseline -0 -14"><span class='ocrx_word' id='word_1_200' title='bbox 658 1813 740 1878; x_wconf 86' lang='lat'>67,</span> <span class='ocrx_word' id='word_1_201' title='bbox 761 1811 829 1866; x_wconf 88' lang='grc'><strong>23</strong></span> <span class='ocrx_word' id='word_1_202' title='bbox 849 1817 1052 1866; x_wconf 85' lang='lat' dir='ltr'><strong>certum</strong></span> <span class='ocrx_word' id='word_1_203' title='bbox 1073 1819 1152 1866; x_wconf 83' lang='lat' dir='ltr'><strong>est</strong></span> <span class='ocrx_word' id='word_1_204' title='bbox 1177 1813 1276 1865; x_wconf 90' lang='lat' dir='ltr'><strong>del.</strong></span> <span class='ocrx_word' id='word_1_205' title='bbox 1299 1811 1407 1877; x_wconf 81' lang='grc'>(20)</span> <span class='ocrx_word' id='word_1_206' title='bbox 1423 1842 1484 1852; x_wconf 93' lang='grc'>-</span> <span class='ocrx_word' id='word_1_207' title='bbox 1502 1812 1581 1878; x_wconf 90' lang='grc'><strong>70,</strong></span> <span class='ocrx_word' id='word_1_208' title='bbox 1611 1813 1640 1864; x_wconf 83' lang='lat'><strong>7</strong></span> <span class='ocrx_word' id='word_1_209' title='bbox 1658 1811 2046 1879; x_wconf 75' lang='lat' dir='ltr'><strong>pusillanimos</strong></span> <span class='ocrx_word' id='word_1_210' title='bbox 2073 1812 2354 1880; x_wconf 78' lang='grc'>(20)-70,</span> <span class='ocrx_word' id='word_1_211' title='bbox 2392 1813 2427 1866; x_wconf 90' lang='grc'>8</span> <span class='ocrx_word' id='word_1_212' title='bbox 2450 1827 2685 1880; x_wconf 72' lang='lat' dir='ltr'><strong>maynus</strong></span> <span class='ocrx_word' id='word_1_213' title='bbox 2706 1801 2923 1865; x_wconf 75' lang='lat' dir='ltr'><strong>animus</strong></span> 
     </span>
    </p>

    <p class='ocr_par' dir='ltr' id='par_1_11' title="bbox 613 1895 2921 1968">
     <span class='ocr_line' id='line_1_16' title="bbox 613 1895 2921 1968; baseline -0.001 -18"><span class='ocrx_word' id='word_1_214' title='bbox 613 1942 627 1950; x_wconf 84' lang='lat'>.</span> <span class='ocrx_word' id='word_1_215' title='bbox 655 1898 842 1968; x_wconf 76' lang='lat' dir='ltr'><strong>Moysi</strong></span> <span class='ocrx_word' id='word_1_216' title='bbox 876 1898 986 1966; x_wconf 83' lang='lat'>(20)</span> <span class='ocrx_word' id='word_1_217' title='bbox 1021 1928 1090 1938; x_wconf 90' lang='lat'><strong>—</strong></span> <span class='ocrx_word' id='word_1_218' title='bbox 1123 1899 1205 1963; x_wconf 88' lang='grc'><strong>70,</strong></span> <span class='ocrx_word' id='word_1_219' title='bbox 1245 1897 1327 1952; x_wconf 89' lang='grc'><strong>13.</strong></span> <span class='ocrx_word' id='word_1_220' title='bbox 1365 1897 1480 1965; x_wconf 89' lang='grc'>107,</span> <span class='ocrx_word' id='word_1_221' title='bbox 1517 1897 1603 1950; x_wconf 90' lang='grc'><strong>20.</strong></span> <span class='ocrx_word' id='word_1_222' title='bbox 1644 1898 1759 1962; x_wconf 87' lang='grc'>112,</span> <span class='ocrx_word' id='word_1_223' title='bbox 1794 1897 1863 1950; x_wconf 89' lang='grc'><strong>23</strong></span> <span class='ocrx_word' id='word_1_224' title='bbox 1898 1899 2056 1952; x_wconf 85' lang='lat' dir='ltr'><strong>molis</strong></span> <span class='ocrx_word' id='word_1_225' title='bbox 2090 1897 2198 1966; x_wconf 83' lang='lat'>(44)</span> <span class='ocrx_word' id='word_1_226' title='bbox 2224 1927 2290 1938; x_wconf 92' lang='lat'>—</span> <span class='ocrx_word' id='word_1_227' title='bbox 2317 1897 2401 1965; x_wconf 85' lang='grc'><strong>70,</strong></span> <span class='ocrx_word' id='word_1_228' title='bbox 2438 1896 2507 1950; x_wconf 91' lang='grc'><strong>20</strong></span> <span class='ocrx_word' id='word_1_229' title='bbox 2542 1912 2657 1950; x_wconf 91' lang='lat' dir='ltr'><strong>non</strong></span> <span class='ocrx_word' id='word_1_230' title='bbox 2692 1895 2921 1950; x_wconf 77' lang='lat' dir='ltr'><strong>dimitti-</strong></span> 
     </span>
    </p>

    <p class='ocr_par' dir='ltr' id='par_1_12' title="bbox 654 1981 2925 2138">
     <span class='ocr_line' id='line_1_17' title="bbox 654 1981 2925 2060; baseline -0.001 -23"><span class='ocrx_word' id='word_1_231' title='bbox 654 1990 766 2049; x_wconf 84' lang='lat' dir='ltr'><strong>tur,</strong></span> <span class='ocrx_word' id='word_1_232' title='bbox 804 1990 856 2037; x_wconf 85' lang='lat' dir='ltr'><strong>et</strong></span> <span class='ocrx_word' id='word_1_233' title='bbox 889 1984 940 2038; x_wconf 82' lang='lat' dir='ltr'><strong>si</strong></span> <span class='ocrx_word' id='word_1_234' title='bbox 973 2000 1088 2038; x_wconf 88' lang='lat' dir='ltr'><strong>non</strong></span> <span class='ocrx_word' id='word_1_235' title='bbox 1112 1984 1496 2048; x_wconf 77' lang='lat' dir='ltr'><strong>dimitteretur,</strong></span> <span class='ocrx_word' id='word_1_236' title='bbox 1521 1999 1676 2038; x_wconf 87' lang='lat' dir='ltr'><strong>nemo</strong></span> <span class='ocrx_word' id='word_1_237' title='bbox 1700 1989 2007 2060; x_wconf 75' lang='lat' dir='ltr'><strong>moreretur</strong></span> <span class='ocrx_word' id='word_1_238' title='bbox 2031 1983 2145 2052; x_wconf 90' lang='lat'>(20)</span> <span class='ocrx_word' id='word_1_239' title='bbox 2178 2013 2247 2023; x_wconf 92' lang='lat'>—</span> <span class='ocrx_word' id='word_1_240' title='bbox 2284 1983 2365 2049; x_wconf 90' lang='grc'>73,</span> <span class='ocrx_word' id='word_1_241' title='bbox 2405 1981 2473 2035; x_wconf 91' lang='grc'><strong>10</strong></span> <span class='ocrx_word' id='word_1_242' title='bbox 2506 1983 2685 2036; x_wconf 80' lang='lat' dir='ltr'><strong>uitam</strong></span> <span class='ocrx_word' id='word_1_243' title='bbox 2716 1983 2827 2050; x_wconf 86' lang='lat'>(22)</span> <span class='ocrx_word' id='word_1_244' title='bbox 2852 2012 2925 2023; x_wconf 90' lang='lat'>—</span> 
     </span>
     <span class='ocr_line' id='line_1_18' title="bbox 655 2068 2923 2138; baseline 0.001 -16"><span class='ocrx_word' id='word_1_245' title='bbox 655 2069 740 2126; x_wconf 84' lang='lat'><strong>73.</strong></span> <span class='ocrx_word' id='word_1_246' title='bbox 779 2069 844 2122; x_wconf 84' lang='grc'><strong>16</strong></span> <span class='ocrx_word' id='word_1_247' title='bbox 879 2084 1078 2136; x_wconf 82' lang='lat' dir='ltr'><strong>corpus</strong></span> <span class='ocrx_word' id='word_1_248' title='bbox 1115 2069 1223 2135; x_wconf 89' lang='grc'>(22)</span> <span class='ocrx_word' id='word_1_249' title='bbox 1248 2098 1317 2108; x_wconf 90' lang='grc'><strong>-</strong></span> <span class='ocrx_word' id='word_1_250' title='bbox 1342 2069 1423 2133; x_wconf 89' lang='grc'><strong>76,</strong></span> <span class='ocrx_word' id='word_1_251' title='bbox 1463 2069 1528 2122; x_wconf 90' lang='grc'><strong>19</strong></span> <span class='ocrx_word' id='word_1_252' title='bbox 1563 2069 1817 2138; x_wconf 75' lang='lat' dir='ltr'><strong>tanqitur</strong></span> <span class='ocrx_word' id='word_1_253' title='bbox 1850 2069 1962 2136; x_wconf 86' lang='lat'>(22)</span> <span class='ocrx_word' id='word_1_254' title='bbox 1986 2096 2057 2110; x_wconf 91' lang='lat'><strong>--</strong></span> <span class='ocrx_word' id='word_1_255' title='bbox 2080 2069 2161 2134; x_wconf 88' lang='grc'>78,</span> <span class='ocrx_word' id='word_1_256' title='bbox 2194 2070 2259 2122; x_wconf 89' lang='grc'><strong>13</strong></span> <span class='ocrx_word' id='word_1_257' title='bbox 2290 2069 2688 2138; x_wconf 64' lang='grc' dir='ltr'><strong>ρενεςήηαΐαν</strong></span> <span class='ocrx_word' id='word_1_258' title='bbox 2712 2068 2823 2136; x_wconf 80' lang='lat'>(44)</span> <span class='ocrx_word' id='word_1_259' title='bbox 2848 2097 2923 2108; x_wconf 91' lang='lat'>—</span> 
     </span>
    </p>

    <p class='ocr_par' dir='ltr' id='par_1_13' title="bbox 636 2153 2943 3602">
     <span class='ocr_line' id='line_1_19' title="bbox 656 2153 2925 2224; baseline -0 -16"><span class='ocrx_word' id='word_1_260' title='bbox 656 2155 740 2218; x_wconf 88' lang='grc'>79,</span> <span class='ocrx_word' id='word_1_261' title='bbox 773 2155 859 2208; x_wconf 84' lang='lat'>-16</span> <span class='ocrx_word' id='word_1_262' title='bbox 895 2154 1128 2208; x_wconf 82' lang='lat' dir='ltr'><strong>eundem</strong></span> <span class='ocrx_word' id='word_1_263' title='bbox 1165 2155 1272 2222; x_wconf 91' lang='lat'>(22)</span> <span class='ocrx_word' id='word_1_264' title='bbox 1305 2185 1371 2194; x_wconf 93' lang='lat'>—</span> <span class='ocrx_word' id='word_1_265' title='bbox 1409 2154 1494 2218; x_wconf 93' lang='grc'>88,</span> <span class='ocrx_word' id='word_1_266' title='bbox 1539 2155 1607 2208; x_wconf 89' lang='grc'><strong>21</strong></span> <span class='ocrx_word' id='word_1_267' title='bbox 1654 2155 1821 2208; x_wconf 87' lang='lat' dir='ltr'><strong>nimie</strong></span> <span class='ocrx_word' id='word_1_268' title='bbox 1854 2154 1958 2208; x_wconf 76' lang='lat' dir='ltr'><strong>del,</strong></span> <span class='ocrx_word' id='word_1_269' title='bbox 1994 2155 2107 2224; x_wconf 90' lang='grc'>(24)</span> <span class='ocrx_word' id='word_1_270' title='bbox 2144 2183 2211 2194; x_wconf 89' lang='lat'><strong>—-</strong></span> <span class='ocrx_word' id='word_1_271' title='bbox 2246 2153 2331 2218; x_wconf 89' lang='grc'><strong>92,</strong></span> <span class='ocrx_word' id='word_1_272' title='bbox 2378 2155 2445 2207; x_wconf 91' lang='grc'><strong>12</strong></span> <span class='ocrx_word' id='word_1_273' title='bbox 2482 2169 2548 2207; x_wconf 88' lang='lat' dir='ltr'><strong>ac</strong></span> <span class='ocrx_word' id='word_1_274' title='bbox 2583 2155 2693 2221; x_wconf 91' lang='grc'>(17)</span> <span class='ocrx_word' id='word_1_275' title='bbox 2728 2183 2798 2194; x_wconf 90' lang='grc'>-</span> <span class='ocrx_word' id='word_1_276' title='bbox 2834 2155 2925 2222; x_wconf 88' lang='grc'>94,</span> 
     </span>
     <span class='ocr_line' id='line_1_20' title="bbox 656 2239 2923 2309; baseline 0 -17"><span class='ocrx_word' id='word_1_277' title='bbox 656 2241 722 2295; x_wconf 92' lang='grc'><strong>19</strong></span> <span class='ocrx_word' id='word_1_278' title='bbox 757 2240 822 2292; x_wconf 88' lang='lat' dir='ltr'><strong>in</strong></span> <span class='ocrx_word' id='word_1_279' title='bbox 853 2239 1074 2294; x_wconf 84' lang='lat' dir='ltr'><strong>silentio</strong></span> <span class='ocrx_word' id='word_1_280' title='bbox 1111 2239 1220 2308; x_wconf 89' lang='lat'>(22)</span> <span class='ocrx_word' id='word_1_281' title='bbox 1261 2269 1326 2278; x_wconf 88' lang='lat'><strong>—</strong></span> <span class='ocrx_word' id='word_1_282' title='bbox 1361 2241 1444 2304; x_wconf 89' lang='grc'>95,</span> <span class='ocrx_word' id='word_1_283' title='bbox 1491 2239 1524 2293; x_wconf 94' lang='grc'>2</span> <span class='ocrx_word' id='word_1_284' title='bbox 1560 2241 1641 2294; x_wconf 83' lang='lat' dir='ltr'><strong>sie</strong></span> <span class='ocrx_word' id='word_1_285' title='bbox 1667 2277 1681 2291; x_wconf 92' lang='grc'>.</span> <span class='ocrx_word' id='word_1_286' title='bbox 1702 2277 1716 2291; x_wconf 92' lang='grc'>.</span> <span class='ocrx_word' id='word_1_287' title='bbox 1738 2278 1750 2291; x_wconf 91' lang='grc'>.</span> <span class='ocrx_word' id='word_1_288' title='bbox 1778 2240 1923 2309; x_wconf 77' lang='lat' dir='ltr'><strong>quod</strong></span> <span class='ocrx_word' id='word_1_289' title='bbox 1960 2241 2069 2308; x_wconf 85' lang='lat'>(18)</span> <span class='ocrx_word' id='word_1_290' title='bbox 2106 2270 2173 2282; x_wconf 89' lang='lat'>—</span> <span class='ocrx_word' id='word_1_291' title='bbox 2209 2241 2290 2306; x_wconf 87' lang='lat'>95,</span> <span class='ocrx_word' id='word_1_292' title='bbox 2335 2240 2401 2294; x_wconf 95' lang='grc'><strong>17</strong></span> <span class='ocrx_word' id='word_1_293' title='bbox 2436 2241 2666 2293; x_wconf 87' lang='lat' dir='ltr'><strong>memine</strong></span> <span class='ocrx_word' id='word_1_294' title='bbox 2702 2241 2815 2306; x_wconf 90' lang='grc'>(23)</span> <span class='ocrx_word' id='word_1_295' title='bbox 2856 2271 2923 2279; x_wconf 90' lang='grc'>-</span> 
     </span>
     <span class='ocr_line' id='line_1_21' title="bbox 651 2326 2923 2394; baseline 0 -14"><span class='ocrx_word' id='word_1_296' title='bbox 651 2327 736 2391; x_wconf 90' lang='grc'><strong>95,</strong></span> <span class='ocrx_word' id='word_1_297' title='bbox 771 2326 842 2379; x_wconf 92' lang='grc'><strong>22</strong></span> <span class='ocrx_word' id='word_1_298' title='bbox 875 2327 1122 2380; x_wconf 83' lang='lat' dir='ltr'><strong>meminis</strong></span> <span class='ocrx_word' id='word_1_299' title='bbox 1147 2327 1256 2393; x_wconf 87' lang='lat'>(23)</span> <span class='ocrx_word' id='word_1_300' title='bbox 1291 2356 1360 2366; x_wconf 93' lang='lat'><strong>—</strong></span> <span class='ocrx_word' id='word_1_301' title='bbox 1385 2327 1469 2391; x_wconf 89' lang='grc'><strong>96,</strong></span> <span class='ocrx_word' id='word_1_302' title='bbox 1509 2327 1574 2380; x_wconf 92' lang='grc'><strong>16</strong></span> <span class='ocrx_word' id='word_1_303' title='bbox 1611 2332 1663 2380; x_wconf 84' lang='lat' dir='ltr'><strong>et</strong></span> <span class='ocrx_word' id='word_1_304' title='bbox 1698 2326 1801 2381; x_wconf 85' lang='lat' dir='ltr'><strong>del.</strong></span> <span class='ocrx_word' id='word_1_305' title='bbox 1838 2327 1951 2394; x_wconf 83' lang='lat'><strong>(23)</strong></span> <span class='ocrx_word' id='word_1_306' title='bbox 1977 2357 2041 2366; x_wconf 92' lang='lat'>—</span> <span class='ocrx_word' id='word_1_307' title='bbox 2068 2327 2153 2392; x_wconf 89' lang='grc'><strong>98,</strong></span> <span class='ocrx_word' id='word_1_308' title='bbox 2187 2327 2236 2382; x_wconf 92' lang='grc'><strong>9.</strong></span> <span class='ocrx_word' id='word_1_309' title='bbox 2276 2326 2390 2391; x_wconf 90' lang='grc'>132,</span> <span class='ocrx_word' id='word_1_310' title='bbox 2426 2327 2461 2378; x_wconf 88' lang='grc'>5</span> <span class='ocrx_word' id='word_1_311' title='bbox 2496 2326 2687 2380; x_wconf 75' lang='lat' dir='ltr'><strong>dissici</strong></span> <span class='ocrx_word' id='word_1_312' title='bbox 2712 2327 2825 2394; x_wconf 87' lang='grc'>(47)</span> <span class='ocrx_word' id='word_1_313' title='bbox 2856 2357 2923 2366; x_wconf 93' lang='grc'>-</span> 
     </span>
     <span class='ocr_line' id='line_1_22' title="bbox 657 2412 2928 2480; baseline 0 -14"><span class='ocrx_word' id='word_1_314' title='bbox 657 2413 774 2478; x_wconf 90' lang='grc'>102,</span> <span class='ocrx_word' id='word_1_315' title='bbox 812 2413 843 2466; x_wconf 91' lang='grc'><strong>1</strong></span> <span class='ocrx_word' id='word_1_316' title='bbox 887 2413 1230 2480; x_wconf 82' lang='lat' dir='ltr'><strong>incorporali</strong></span> <span class='ocrx_word' id='word_1_317' title='bbox 1265 2413 1374 2477; x_wconf 87' lang='grc'>(34)</span> <span class='ocrx_word' id='word_1_318' title='bbox 1413 2443 1474 2452; x_wconf 97' lang='grc'><strong>-</strong></span> <span class='ocrx_word' id='word_1_319' title='bbox 1513 2412 1632 2477; x_wconf 92' lang='grc'>103,</span> <span class='ocrx_word' id='word_1_320' title='bbox 1672 2413 1737 2466; x_wconf 91' lang='grc'><strong>16</strong></span> <span class='ocrx_word' id='word_1_321' title='bbox 1772 2413 1925 2466; x_wconf 81' lang='lat' dir='ltr'><strong>sinat</strong></span> <span class='ocrx_word' id='word_1_322' title='bbox 1960 2413 2073 2480; x_wconf 84' lang='lat'>(23)</span> <span class='ocrx_word' id='word_1_323' title='bbox 2110 2443 2173 2452; x_wconf 93' lang='lat'><strong>—</strong></span> <span class='ocrx_word' id='word_1_324' title='bbox 2214 2412 2328 2478; x_wconf 90' lang='grc'>104,</span> <span class='ocrx_word' id='word_1_325' title='bbox 2364 2412 2435 2466; x_wconf 91' lang='grc'>20</span> <span class='ocrx_word' id='word_1_326' title='bbox 2468 2427 2665 2480; x_wconf 78' lang='lat' dir='ltr'><strong>capere</strong></span> <span class='ocrx_word' id='word_1_327' title='bbox 2700 2413 2812 2479; x_wconf 88' lang='lat'>(23)</span> <span class='ocrx_word' id='word_1_328' title='bbox 2853 2442 2928 2453; x_wconf 91' lang='lat'><strong>—</strong></span> 
     </span>
     <span class='ocr_line' id='line_1_23' title="bbox 658 2497 2925 2569; baseline 0 -16"><span class='ocrx_word' id='word_1_329' title='bbox 658 2499 774 2565; x_wconf 90' lang='grc'>106,</span> <span class='ocrx_word' id='word_1_330' title='bbox 824 2499 858 2553; x_wconf 92' lang='grc'><strong>6</strong></span> <span class='ocrx_word' id='word_1_331' title='bbox 895 2499 1364 2569; x_wconf 76' lang='lat' dir='ltr'><strong>praepositionem</strong></span> <span class='ocrx_word' id='word_1_332' title='bbox 1401 2499 1508 2567; x_wconf 90' lang='grc'>(46)</span> <span class='ocrx_word' id='word_1_333' title='bbox 1549 2530 1614 2539; x_wconf 91' lang='grc'>-</span> <span class='ocrx_word' id='word_1_334' title='bbox 1654 2499 1770 2563; x_wconf 87' lang='grc'>106,</span> <span class='ocrx_word' id='word_1_335' title='bbox 1812 2499 1876 2553; x_wconf 91' lang='grc'><strong>15</strong></span> <span class='ocrx_word' id='word_1_336' title='bbox 1910 2499 2002 2553; x_wconf 86' lang='lat' dir='ltr'><strong>sin</strong></span> <span class='ocrx_word' id='word_1_337' title='bbox 2036 2513 2169 2553; x_wconf 87' lang='lat' dir='ltr'><strong>uero</strong></span> <span class='ocrx_word' id='word_1_338' title='bbox 2206 2498 2315 2565; x_wconf 88' lang='lat'>(24)</span> <span class='ocrx_word' id='word_1_339' title='bbox 2356 2530 2424 2539; x_wconf 96' lang='lat'><strong>—</strong></span> <span class='ocrx_word' id='word_1_340' title='bbox 2464 2499 2579 2563; x_wconf 94' lang='grc'>110,</span> <span class='ocrx_word' id='word_1_341' title='bbox 2618 2497 2686 2551; x_wconf 90' lang='grc'>20</span> <span class='ocrx_word' id='word_1_342' title='bbox 2724 2515 2925 2553; x_wconf 84' lang='lat' dir='ltr'><strong>earum</strong></span> 
     </span>
     <span class='ocr_line' id='line_1_24' title="bbox 657 2583 2929 2655; baseline -0 -15"><span class='ocrx_word' id='word_1_343' title='bbox 657 2587 771 2655; x_wconf 85' lang='lat'>(24)</span> <span class='ocrx_word' id='word_1_344' title='bbox 804 2614 878 2627; x_wconf 90' lang='lat'><strong>—-</strong></span> <span class='ocrx_word' id='word_1_345' title='bbox 914 2587 1027 2651; x_wconf 91' lang='lat'>111,</span> <span class='ocrx_word' id='word_1_346' title='bbox 1075 2587 1110 2640; x_wconf 91' lang='lat'><strong>3</strong></span> <span class='ocrx_word' id='word_1_347' title='bbox 1155 2586 1412 2641; x_wconf 81' lang='lat' dir='ltr'><strong>aduertes</strong></span> <span class='ocrx_word' id='word_1_348' title='bbox 1449 2586 1557 2653; x_wconf 89' lang='lat'>(24)</span> <span class='ocrx_word' id='word_1_349' title='bbox 1594 2615 1663 2626; x_wconf 90' lang='lat'>—</span> <span class='ocrx_word' id='word_1_350' title='bbox 1703 2587 1815 2651; x_wconf 87' lang='lat'>111,</span> <span class='ocrx_word' id='word_1_351' title='bbox 1864 2586 1893 2637; x_wconf 91' lang='grc'>7</span> <span class='ocrx_word' id='word_1_352' title='bbox 1942 2586 2074 2639; x_wconf 79' lang='lat' dir='ltr'><strong>exin</strong></span> <span class='ocrx_word' id='word_1_353' title='bbox 2111 2585 2222 2651; x_wconf 90' lang='grc'>(25)</span> <span class='ocrx_word' id='word_1_354' title='bbox 2259 2618 2320 2627; x_wconf 96' lang='grc'><strong>-</strong></span> <span class='ocrx_word' id='word_1_355' title='bbox 2364 2586 2480 2650; x_wconf 92' lang='grc'>111,</span> <span class='ocrx_word' id='word_1_356' title='bbox 2532 2583 2597 2639; x_wconf 89' lang='grc'><strong>17</strong></span> <span class='ocrx_word' id='word_1_357' title='bbox 2638 2586 2775 2653; x_wconf 76' lang='lat' dir='ltr'><strong>quia</strong></span> <span class='ocrx_word' id='word_1_358' title='bbox 2807 2603 2929 2639; x_wconf 82' lang='lat' dir='ltr'><strong>non</strong></span> 
     </span>
     <span class='ocr_line' id='line_1_25' title="bbox 649 2671 2931 2741; baseline 0 -17"><span class='ocrx_word' id='word_1_359' title='bbox 649 2686 746 2741; x_wconf 83' lang='lat' dir='ltr'><strong>pro</strong></span> <span class='ocrx_word' id='word_1_360' title='bbox 781 2686 898 2726; x_wconf 87' lang='lat' dir='ltr'><strong>non</strong></span> <span class='ocrx_word' id='word_1_361' title='bbox 932 2673 1072 2725; x_wconf 86' lang='lat' dir='ltr'><strong>enim</strong></span> <span class='ocrx_word' id='word_1_362' title='bbox 1109 2672 1220 2737; x_wconf 91' lang='grc'>(17)</span> <span class='ocrx_word' id='word_1_363' title='bbox 1261 2704 1318 2711; x_wconf 96' lang='grc'>-</span> <span class='ocrx_word' id='word_1_364' title='bbox 1362 2673 1476 2737; x_wconf 90' lang='grc'>112,</span> <span class='ocrx_word' id='word_1_365' title='bbox 1515 2673 1582 2726; x_wconf 95' lang='grc'><strong>16</strong></span> <span class='ocrx_word' id='word_1_366' title='bbox 1616 2673 1833 2726; x_wconf 87' lang='lat' dir='ltr'><strong>numeri</strong></span> <span class='ocrx_word' id='word_1_367' title='bbox 1870 2672 1979 2738; x_wconf 83' lang='lat'>(25)</span> <span class='ocrx_word' id='word_1_368' title='bbox 2010 2696 2088 2733; x_wconf 60' lang='lat'>,-·-</span> <span class='ocrx_word' id='word_1_369' title='bbox 2124 2671 2238 2737; x_wconf 90' lang='grc'>114,</span> <span class='ocrx_word' id='word_1_370' title='bbox 2286 2672 2349 2725; x_wconf 93' lang='grc'><strong>11</strong></span> <span class='ocrx_word' id='word_1_371' title='bbox 2387 2687 2502 2725; x_wconf 89' lang='lat' dir='ltr'><strong>non</strong></span> <span class='ocrx_word' id='word_1_372' title='bbox 2538 2677 2717 2740; x_wconf 74' lang='lat' dir='ltr'><strong>queat,</strong></span> <span class='ocrx_word' id='word_1_373' title='bbox 2754 2673 2931 2725; x_wconf 79' lang='lat' dir='ltr'><strong>habet</strong></span> 
     </span>
     <span class='ocr_line' id='line_1_26' title="bbox 649 2757 2931 2835; baseline 0.001 -25"><span class='ocrx_word' id='word_1_374' title='bbox 649 2758 760 2824; x_wconf 87' lang='lat'>(25)</span> <span class='ocrx_word' id='word_1_375' title='bbox 800 2786 862 2799; x_wconf 92' lang='lat'><strong>--</strong></span> <span class='ocrx_word' id='word_1_376' title='bbox 902 2758 1018 2824; x_wconf 92' lang='lat'>114,</span> <span class='ocrx_word' id='word_1_377' title='bbox 1066 2758 1134 2811; x_wconf 91' lang='grc'>20</span> <span class='ocrx_word' id='word_1_378' title='bbox 1164 2758 1436 2829; x_wconf 71' lang='lat' dir='ltr'><strong>yuttulam</strong></span> <span class='ocrx_word' id='word_1_379' title='bbox 1466 2795 1510 2809; x_wconf 87' lang='lat'><strong>..</strong></span> <span class='ocrx_word' id='word_1_380' title='bbox 1539 2759 1866 2835; x_wconf 62' lang='lat' dir='ltr'><strong>habentem.</strong></span> <span class='ocrx_word' id='word_1_381' title='bbox 1888 2796 1901 2811; x_wconf 94' lang='lat'><strong>.</strong></span> <span class='ocrx_word' id='word_1_382' title='bbox 1938 2774 2057 2812; x_wconf 86' lang='lat' dir='ltr'><strong>eam</strong></span> <span class='ocrx_word' id='word_1_383' title='bbox 2104 2758 2208 2810; x_wconf 87' lang='lat' dir='ltr'><strong>del.</strong></span> <span class='ocrx_word' id='word_1_384' title='bbox 2247 2758 2357 2825; x_wconf 90' lang='grc'>(25)</span> <span class='ocrx_word' id='word_1_385' title='bbox 2391 2786 2461 2797; x_wconf 90' lang='grc'><strong>-</strong></span> <span class='ocrx_word' id='word_1_386' title='bbox 2501 2757 2618 2823; x_wconf 89' lang='grc'>125,</span> <span class='ocrx_word' id='word_1_387' title='bbox 2654 2758 2691 2811; x_wconf 90' lang='grc'><strong>4</strong></span> <span class='ocrx_word' id='word_1_388' title='bbox 2718 2760 2931 2825; x_wconf 79' lang='lat' dir='ltr'><strong>penita</strong></span> 
     </span>
     <span class='ocr_line' id='line_1_27' title="bbox 647 2843 2929 2913; baseline 0 -16"><span class='ocrx_word' id='word_1_389' title='bbox 647 2858 741 2911; x_wconf 86' lang='lat' dir='ltr'><strong>pro</strong></span> <span class='ocrx_word' id='word_1_390' title='bbox 777 2849 971 2913; x_wconf 86' lang='lat' dir='ltr'><strong>operta</strong></span> <span class='ocrx_word' id='word_1_391' title='bbox 1007 2844 1116 2909; x_wconf 90' lang='grc'>(44)</span> <span class='ocrx_word' id='word_1_392' title='bbox 1147 2874 1211 2883; x_wconf 92' lang='grc'><strong>-</strong></span> <span class='ocrx_word' id='word_1_393' title='bbox 1252 2844 1368 2909; x_wconf 89' lang='grc'>125,</span> <span class='ocrx_word' id='word_1_394' title='bbox 1405 2845 1468 2898; x_wconf 92' lang='grc'><strong>21</strong></span> <span class='ocrx_word' id='word_1_395' title='bbox 1507 2845 1825 2913; x_wconf 65' lang='lat' dir='ltr'><strong>ingruerint</strong></span> <span class='ocrx_word' id='word_1_396' title='bbox 1863 2844 1973 2911; x_wconf 89' lang='lat'>(31)</span> <span class='ocrx_word' id='word_1_397' title='bbox 2004 2873 2063 2883; x_wconf 93' lang='lat'>—</span> <span class='ocrx_word' id='word_1_398' title='bbox 2093 2843 2209 2910; x_wconf 88' lang='grc'>134,</span> <span class='ocrx_word' id='word_1_399' title='bbox 2248 2844 2309 2896; x_wconf 91' lang='grc'><strong>11</strong></span> <span class='ocrx_word' id='word_1_400' title='bbox 2348 2844 2679 2897; x_wconf 84' lang='lat' dir='ltr'><strong>subornatus</strong></span> <span class='ocrx_word' id='word_1_401' title='bbox 2709 2844 2827 2911; x_wconf 87' lang='grc'>(37)</span> <span class='ocrx_word' id='word_1_402' title='bbox 2854 2872 2929 2885; x_wconf 93' lang='grc'>-</span> 
     </span>
     <span class='ocr_line' id='line_1_28' title="bbox 649 2929 2933 2999; baseline 0.001 -16"><span class='ocrx_word' id='word_1_403' title='bbox 649 2929 764 2993; x_wconf 88' lang='grc'>137,</span> <span class='ocrx_word' id='word_1_404' title='bbox 801 2930 836 2983; x_wconf 88' lang='grc'>4</span> <span class='ocrx_word' id='word_1_405' title='bbox 870 2929 1448 2983; x_wconf 74' lang='lat' dir='ltr'><strong>conlucernationibus</strong></span> <span class='ocrx_word' id='word_1_406' title='bbox 1485 2930 1597 2997; x_wconf 92' lang='lat'>(46)</span> <span class='ocrx_word' id='word_1_407' title='bbox 1620 2958 1690 2968; x_wconf 92' lang='lat'><strong>-—</strong></span> <span class='ocrx_word' id='word_1_408' title='bbox 1716 2929 1834 2996; x_wconf 90' lang='lat'>141,</span> <span class='ocrx_word' id='word_1_409' title='bbox 1868 2929 1903 2983; x_wconf 93' lang='grc'>4</span> <span class='ocrx_word' id='word_1_410' title='bbox 1938 2945 2165 2999; x_wconf 79' lang='lat' dir='ltr'><strong>royares</strong></span> <span class='ocrx_word' id='word_1_411' title='bbox 2203 2929 2310 2989; x_wconf 81' lang='grc'>(30)</span> <span class='ocrx_word' id='word_1_412' title='bbox 2350 2958 2409 2969; x_wconf 90' lang='lat'>-</span> <span class='ocrx_word' id='word_1_413' title='bbox 2452 2930 2567 2996; x_wconf 90' lang='grc'>142,</span> <span class='ocrx_word' id='word_1_414' title='bbox 2609 2930 2674 2983; x_wconf 91' lang='grc'><strong>19</strong></span> <span class='ocrx_word' id='word_1_415' title='bbox 2712 2930 2933 2999; x_wconf 82' lang='lat' dir='ltr'><strong>spiritu</strong></span> 
     </span>
     <span class='ocr_line' id='line_1_29' title="bbox 643 3014 2928 3087; baseline 0.001 -19"><span class='ocrx_word' id='word_1_416' title='bbox 643 3029 908 3081; x_wconf 82' lang='lat' dir='ltr'><strong>praesens</strong></span> <span class='ocrx_word' id='word_1_417' title='bbox 953 3030 1008 3068; x_wconf 86' lang='lat' dir='ltr'><strong>es</strong></span> <span class='ocrx_word' id='word_1_418' title='bbox 1053 3015 1162 3082; x_wconf 86' lang='lat'>(25)</span> <span class='ocrx_word' id='word_1_419' title='bbox 1198 3046 1268 3057; x_wconf 90' lang='lat'><em>-</em></span> <span class='ocrx_word' id='word_1_420' title='bbox 1305 3016 1422 3081; x_wconf 89' lang='lat'>142,</span> <span class='ocrx_word' id='word_1_421' title='bbox 1469 3015 1538 3069; x_wconf 92' lang='grc'><strong>22</strong></span> <span class='ocrx_word' id='word_1_422' title='bbox 1583 3021 1639 3069; x_wconf 83' lang='lat' dir='ltr'><strong>te</strong></span> <span class='ocrx_word' id='word_1_423' title='bbox 1686 3016 1787 3069; x_wconf 90' lang='lat' dir='ltr'><strong>del.</strong></span> <span class='ocrx_word' id='word_1_424' title='bbox 1840 3015 1949 3082; x_wconf 88' lang='lat'>(26)</span> <span class='ocrx_word' id='word_1_425' title='bbox 1984 3045 2055 3055; x_wconf 94' lang='lat'>—</span> <span class='ocrx_word' id='word_1_426' title='bbox 2089 3016 2204 3079; x_wconf 88' lang='grc'>144,</span> <span class='ocrx_word' id='word_1_427' title='bbox 2253 3016 2285 3069; x_wconf 92' lang='grc'><strong>6</strong></span> <span class='ocrx_word' id='word_1_428' title='bbox 2329 3032 2387 3069; x_wconf 86' lang='lat' dir='ltr'><strong>se</strong></span> <span class='ocrx_word' id='word_1_429' title='bbox 2434 3014 2537 3069; x_wconf 88' lang='lat' dir='ltr'><strong>del.</strong></span> <span class='ocrx_word' id='word_1_430' title='bbox 2572 3020 2631 3071; x_wconf 88' lang='lat' dir='ltr'><strong>et</strong></span> <span class='ocrx_word' id='word_1_431' title='bbox 2662 3032 2784 3071; x_wconf 85' lang='lat' dir='ltr'><strong>sese</strong></span> <span class='ocrx_word' id='word_1_432' title='bbox 2824 3035 2928 3087; x_wconf 88' lang='lat' dir='ltr'><strong>pro</strong></span> 
     </span>
     <span class='ocr_line' id='line_1_30' title="bbox 646 3100 2935 3173; baseline 0.001 -20"><span class='ocrx_word' id='word_1_433' title='bbox 646 3116 758 3154; x_wconf 88' lang='lat' dir='ltr'><strong>esse</strong></span> <span class='ocrx_word' id='word_1_434' title='bbox 793 3100 906 3170; x_wconf 88' lang='lat'>(26)</span> <span class='ocrx_word' id='word_1_435' title='bbox 947 3131 1006 3141; x_wconf 91' lang='lat'><em>-</em></span> <span class='ocrx_word' id='word_1_436' title='bbox 1049 3101 1162 3166; x_wconf 91' lang='grc'>151,</span> <span class='ocrx_word' id='word_1_437' title='bbox 1199 3102 1234 3156; x_wconf 95' lang='grc'>8</span> <span class='ocrx_word' id='word_1_438' title='bbox 1269 3108 1450 3156; x_wconf 82' lang='lat' dir='ltr'><strong>autem</strong></span> <span class='ocrx_word' id='word_1_439' title='bbox 1485 3101 1586 3155; x_wconf 88' lang='lat' dir='ltr'><strong>del.</strong></span> <span class='ocrx_word' id='word_1_440' title='bbox 1626 3102 1733 3171; x_wconf 91' lang='grc'>(17)</span> <span class='ocrx_word' id='word_1_441' title='bbox 1772 3128 1841 3142; x_wconf 92' lang='grc'><strong>-</strong></span> <span class='ocrx_word' id='word_1_442' title='bbox 1878 3101 1993 3166; x_wconf 93' lang='grc'>156,</span> <span class='ocrx_word' id='word_1_443' title='bbox 2028 3102 2062 3155; x_wconf 91' lang='grc'>3</span> <span class='ocrx_word' id='word_1_444' title='bbox 2106 3103 2257 3155; x_wconf 84' lang='lat' dir='ltr'><strong>uolet</strong></span> <span class='ocrx_word' id='word_1_445' title='bbox 2291 3102 2404 3170; x_wconf 90' lang='grc'>(26)</span> <span class='ocrx_word' id='word_1_446' title='bbox 2440 3130 2510 3141; x_wconf 91' lang='grc'><strong>-</strong></span> <span class='ocrx_word' id='word_1_447' title='bbox 2546 3102 2661 3168; x_wconf 87' lang='grc'>159,</span> <span class='ocrx_word' id='word_1_448' title='bbox 2703 3103 2773 3156; x_wconf 92' lang='grc'><strong>10</strong></span> <span class='ocrx_word' id='word_1_449' title='bbox 2814 3120 2935 3173; x_wconf 76' lang='lat' dir='ltr'><strong>per</strong></span> 
     </span>
     <span class='ocr_line' id='line_1_31' title="bbox 643 3188 2935 3256; baseline 0.001 -14"><span class='ocrx_word' id='word_1_450' title='bbox 643 3189 820 3242; x_wconf 86' lang='lat' dir='ltr'><strong>locum</strong></span> <span class='ocrx_word' id='word_1_451' title='bbox 862 3188 983 3243; x_wconf 84' lang='lat' dir='ltr'><strong>loca</strong></span> <span class='ocrx_word' id='word_1_452' title='bbox 1030 3189 1139 3256; x_wconf 87' lang='lat'>(26)</span> <span class='ocrx_word' id='word_1_453' title='bbox 1177 3220 1241 3230; x_wconf 94' lang='lat'>—</span> <span class='ocrx_word' id='word_1_454' title='bbox 1282 3190 1397 3255; x_wconf 90' lang='grc'>162,</span> <span class='ocrx_word' id='word_1_455' title='bbox 1435 3191 1468 3244; x_wconf 93' lang='grc'><strong>6</strong></span> <span class='ocrx_word' id='word_1_456' title='bbox 1519 3188 1841 3243; x_wconf 74' lang='lat' dir='ltr'><strong>Gabrielum</strong></span> <span class='ocrx_word' id='word_1_457' title='bbox 1880 3188 1989 3253; x_wconf 88' lang='lat'>(44)</span> <span class='ocrx_word' id='word_1_458' title='bbox 2036 3218 2103 3228; x_wconf 92' lang='lat'><strong>—-</strong></span> <span class='ocrx_word' id='word_1_459' title='bbox 2149 3188 2264 3252; x_wconf 89' lang='grc'>163,</span> <span class='ocrx_word' id='word_1_460' title='bbox 2301 3188 2351 3241; x_wconf 92' lang='grc'><strong>6.</strong></span> <span class='ocrx_word' id='word_1_461' title='bbox 2400 3188 2517 3254; x_wconf 88' lang='grc'>164,</span> <span class='ocrx_word' id='word_1_462' title='bbox 2557 3189 2638 3242; x_wconf 91' lang='grc'><strong>18.</strong></span> <span class='ocrx_word' id='word_1_463' title='bbox 2693 3189 2819 3255; x_wconf 92' lang='grc'>166,</span> <span class='ocrx_word' id='word_1_464' title='bbox 2861 3191 2935 3244; x_wconf 90' lang='grc'><strong>21</strong></span> 
     </span>
     <span class='ocr_line' id='line_1_32' title="bbox 649 3274 2940 3345; baseline 0.001 -16"><span class='ocrx_word' id='word_1_465' title='bbox 649 3274 911 3329; x_wconf 80' lang='lat' dir='ltr'><strong>Gabrielo</strong></span> <span class='ocrx_word' id='word_1_466' title='bbox 949 3275 1058 3342; x_wconf 87' lang='lat'>(44)</span> <span class='ocrx_word' id='word_1_467' title='bbox 1097 3307 1163 3317; x_wconf 93' lang='lat'>-</span> <span class='ocrx_word' id='word_1_468' title='bbox 1201 3278 1316 3341; x_wconf 90' lang='grc'>169,</span> <span class='ocrx_word' id='word_1_469' title='bbox 1353 3277 1421 3332; x_wconf 90' lang='grc'><strong>24</strong></span> <span class='ocrx_word' id='word_1_470' title='bbox 1454 3282 1705 3345; x_wconf 81' lang='lat' dir='ltr'><strong>tempora</strong></span> <span class='ocrx_word' id='word_1_471' title='bbox 1737 3276 1829 3330; x_wconf 89' lang='lat' dir='ltr'><strong>uel</strong></span> <span class='ocrx_word' id='word_1_472' title='bbox 1866 3276 1968 3330; x_wconf 91' lang='lat' dir='ltr'><strong>del.</strong></span> <span class='ocrx_word' id='word_1_473' title='bbox 2004 3276 2119 3345; x_wconf 52' lang='lat'>,(26)</span> <span class='ocrx_word' id='word_1_474' title='bbox 2159 3306 2223 3316; x_wconf 95' lang='lat'>—</span> <span class='ocrx_word' id='word_1_475' title='bbox 2263 3276 2376 3339; x_wconf 89' lang='grc'>172,</span> <span class='ocrx_word' id='word_1_476' title='bbox 2416 3277 2483 3329; x_wconf 92' lang='grc'><strong>18</strong></span> <span class='ocrx_word' id='word_1_477' title='bbox 2528 3292 2671 3345; x_wconf 81' lang='lat' dir='ltr'><strong>quae</strong></span> <span class='ocrx_word' id='word_1_478' title='bbox 2705 3277 2940 3331; x_wconf 81' lang='lat' dir='ltr'><strong>malum</strong></span> 
     </span>
     <span class='ocr_line' id='line_1_33' title="bbox 644 3360 2941 3431; baseline 0 -17"><span class='ocrx_word' id='word_1_479' title='bbox 644 3360 756 3431; x_wconf 89' lang='lat'>(26)</span> <span class='ocrx_word' id='word_1_480' title='bbox 791 3391 859 3401; x_wconf 87' lang='lat'>—</span> <span class='ocrx_word' id='word_1_481' title='bbox 894 3362 1012 3426; x_wconf 90' lang='grc'>183,</span> <span class='ocrx_word' id='word_1_482' title='bbox 1052 3361 1083 3415; x_wconf 89' lang='grc'>7</span> <span class='ocrx_word' id='word_1_483' title='bbox 1121 3368 1279 3431; x_wconf 83' lang='lat' dir='ltr'><strong>patet</strong></span> <span class='ocrx_word' id='word_1_484' title='bbox 1322 3362 1548 3417; x_wconf 82' lang='lat' dir='ltr'><strong>huiusce</strong></span> <span class='ocrx_word' id='word_1_485' title='bbox 1594 3362 1935 3431; x_wconf 76' lang='lat' dir='ltr'><strong>quaestionis</strong></span> <span class='ocrx_word' id='word_1_486' title='bbox 1968 3363 2273 3416; x_wconf 87' lang='lat' dir='ltr'><strong>inmensum</strong></span> <span class='ocrx_word' id='word_1_487' title='bbox 2310 3362 2422 3428; x_wconf 91' lang='grc'>(27)</span> <span class='ocrx_word' id='word_1_488' title='bbox 2455 3392 2525 3403; x_wconf 92' lang='grc'>-</span> <span class='ocrx_word' id='word_1_489' title='bbox 2564 3363 2679 3426; x_wconf 92' lang='grc'>187,</span> <span class='ocrx_word' id='word_1_490' title='bbox 2718 3363 2793 3417; x_wconf 89' lang='grc'><strong>21</strong></span> <span class='ocrx_word' id='word_1_491' title='bbox 2838 3364 2941 3416; x_wconf 78' lang='lat' dir='ltr'><strong>in-</strong></span> 
     </span>
     <span class='ocr_line' id='line_1_34' title="bbox 636 3446 2943 3516; baseline 0.002 -17"><span class='ocrx_word' id='word_1_492' title='bbox 636 3446 868 3515; x_wconf 80' lang='lat' dir='ltr'><strong>9lorium</strong></span> <span class='ocrx_word' id='word_1_493' title='bbox 905 3448 1014 3512; x_wconf 89' lang='grc'>(27)</span> <span class='ocrx_word' id='word_1_494' title='bbox 1052 3478 1116 3488; x_wconf 93' lang='grc'>-</span> <span class='ocrx_word' id='word_1_495' title='bbox 1157 3448 1272 3513; x_wconf 91' lang='grc'>191,</span> <span class='ocrx_word' id='word_1_496' title='bbox 1309 3446 1378 3502; x_wconf 92' lang='grc'><strong>10</strong></span> <span class='ocrx_word' id='word_1_497' title='bbox 1417 3447 1861 3516; x_wconf 64' lang='lat' dir='ltr'><strong>philosophorum</strong></span> <span class='ocrx_word' id='word_1_498' title='bbox 1896 3464 1993 3516; x_wconf 86' lang='lat' dir='ltr'><strong>pro</strong></span> <span class='ocrx_word' id='word_1_499' title='bbox 2029 3463 2216 3501; x_wconf 86' lang='lat' dir='ltr'><strong>eorum</strong></span> <span class='ocrx_word' id='word_1_500' title='bbox 2252 3448 2364 3515; x_wconf 88' lang='lat'>(46)</span> <span class='ocrx_word' id='word_1_501' title='bbox 2404 3474 2469 3487; x_wconf 90' lang='lat'><strong>-—</strong></span> <span class='ocrx_word' id='word_1_502' title='bbox 2505 3448 2623 3512; x_wconf 88' lang='lat'>191,</span> <span class='ocrx_word' id='word_1_503' title='bbox 2664 3449 2733 3501; x_wconf 89' lang='lat'>11</span> <span class='ocrx_word' id='word_1_504' title='bbox 2784 3450 2943 3503; x_wconf 73' lang='lat' dir='ltr'><strong>inde</strong></span> 
     </span>
     <span class='ocr_line' id='line_1_35' title="bbox 641 3532 2647 3602; baseline 0 -17"><span class='ocrx_word' id='word_1_505' title='bbox 641 3532 750 3597; x_wconf 87' lang='lat'>(46)</span> <span class='ocrx_word' id='word_1_506' title='bbox 784 3561 855 3572; x_wconf 92' lang='lat'>—</span> <span class='ocrx_word' id='word_1_507' title='bbox 890 3533 1007 3597; x_wconf 92' lang='grc'>192,</span> <span class='ocrx_word' id='word_1_508' title='bbox 1046 3534 1074 3585; x_wconf 93' lang='grc'><strong>1</strong></span> <span class='ocrx_word' id='word_1_509' title='bbox 1113 3548 1246 3602; x_wconf 77' lang='lat' dir='ltr'><strong>quos</strong></span> <span class='ocrx_word' id='word_1_510' title='bbox 1282 3550 1378 3601; x_wconf 85' lang='lat' dir='ltr'><strong>pro</strong></span> <span class='ocrx_word' id='word_1_511' title='bbox 1413 3534 1558 3602; x_wconf 76' lang='lat' dir='ltr'><strong>quod</strong></span> <span class='ocrx_word' id='word_1_512' title='bbox 1595 3534 1706 3600; x_wconf 83' lang='lat'>(46)</span> <span class='ocrx_word' id='word_1_513' title='bbox 1742 3562 1811 3573; x_wconf 92' lang='lat'><strong>—</strong></span> <span class='ocrx_word' id='word_1_514' title='bbox 1848 3534 1961 3596; x_wconf 87' lang='lat'>195,</span> <span class='ocrx_word' id='word_1_515' title='bbox 1999 3533 2067 3587; x_wconf 91' lang='grc'><strong>26</strong></span> <span class='ocrx_word' id='word_1_516' title='bbox 2101 3534 2483 3601; x_wconf 76' lang='lat' dir='ltr'><strong>uoluntatique</strong></span> <span class='ocrx_word' id='word_1_517' title='bbox 2519 3533 2647 3601; x_wconf 89' lang='grc'>(47).</span> 
     </span>
    </p>
   </div>
   <div class='ocr_carea' id='block_1_4' title="bbox 636 3652 2952 3892">
    <p class='ocr_par' dir='ltr' id='par_1_14' title="bbox 636 3652 2952 3892">
     <span class='ocr_line' id='line_1_36' title="bbox 847 3652 2559 3723; baseline 0.001 -18"><span class='ocrx_word' id='word_1_518' title='bbox 847 3652 1126 3706; x_wconf 83' lang='lat' dir='ltr'><strong>Praeterea</strong></span> <span class='ocrx_word' id='word_1_519' title='bbox 1163 3654 1488 3723; x_wconf 73' lang='lat' dir='ltr'><strong>typographi</strong></span> <span class='ocrx_word' id='word_1_520' title='bbox 1523 3656 1700 3708; x_wconf 86' lang='lat' dir='ltr'><strong>errata</strong></span> <span class='ocrx_word' id='word_1_521' title='bbox 1736 3656 1989 3722; x_wconf 86' lang='lat' dir='ltr'><strong>grauiora</strong></span> <span class='ocrx_word' id='word_1_522' title='bbox 2025 3655 2365 3723; x_wconf 86' lang='lat' dir='ltr'><strong>corrigantur</strong></span> <span class='ocrx_word' id='word_1_523' title='bbox 2399 3654 2559 3708; x_wconf 81' lang='lat' dir='ltr'><strong>haec:</strong></span> 
     </span>
     <span class='ocr_line' id='line_1_37' title="bbox 836 3739 2947 3808; baseline 0.003 -17"><span class='ocrx_word' id='word_1_524' title='bbox 836 3739 920 3803; x_wconf 90' lang='grc'><strong>27,</strong></span> <span class='ocrx_word' id='word_1_525' title='bbox 957 3739 1026 3793; x_wconf 91' lang='grc'><strong>25</strong></span> <span class='ocrx_word' id='word_1_526' title='bbox 1058 3740 1252 3804; x_wconf 80' lang='lat' dir='ltr'><strong>media,</strong></span> <span class='ocrx_word' id='word_1_527' title='bbox 1289 3755 1382 3808; x_wconf 87' lang='lat' dir='ltr'><strong>pro</strong></span> <span class='ocrx_word' id='word_1_528' title='bbox 1417 3739 1657 3805; x_wconf 57' lang='lat' dir='ltr'><strong>medias,</strong></span> <span class='ocrx_word' id='word_1_529' title='bbox 1706 3739 1792 3803; x_wconf 89' lang='grc'><strong>30,</strong></span> <span class='ocrx_word' id='word_1_530' title='bbox 1828 3740 1877 3793; x_wconf 91' lang='grc'>4.</span> <span class='ocrx_word' id='word_1_531' title='bbox 1920 3740 2004 3804; x_wconf 86' lang='grc'><strong>49,</strong></span> <span class='ocrx_word' id='word_1_532' title='bbox 2040 3740 2126 3793; x_wconf 91' lang='grc'><strong>21.</strong></span> <span class='ocrx_word' id='word_1_533' title='bbox 2175 3740 2291 3804; x_wconf 90' lang='grc'>194,</span> <span class='ocrx_word' id='word_1_534' title='bbox 2334 3740 2368 3794; x_wconf 90' lang='grc'>8</span> <span class='ocrx_word' id='word_1_535' title='bbox 2403 3742 2741 3808; x_wconf 83' lang='lat' dir='ltr'><strong>-punctorum</strong></span> <span class='ocrx_word' id='word_1_536' title='bbox 2802 3742 2947 3797; x_wconf 87' lang='lat' dir='ltr'><strong>loco</strong></span> 
     </span>
     <span class='ocr_line' id='line_1_38' title="bbox 636 3824 2952 3892; baseline 0.001 -13"><span class='ocrx_word' id='word_1_537' title='bbox 636 3829 903 3879; x_wconf 89' lang='lat' dir='ltr'><strong>commata</strong></span> <span class='ocrx_word' id='word_1_538' title='bbox 949 3826 1211 3879; x_wconf 84' lang='lat' dir='ltr'><strong>exaranda</strong></span> <span class='ocrx_word' id='word_1_539' title='bbox 1256 3828 1409 3878; x_wconf 88' lang='lat' dir='ltr'><strong>erant</strong></span> <span class='ocrx_word' id='word_1_540' title='bbox 1425 3865 1438 3890; x_wconf 92' lang='lat'>,</span> <span class='ocrx_word' id='word_1_541' title='bbox 1481 3825 1565 3889; x_wconf 90' lang='lat'><strong>42,</strong></span> <span class='ocrx_word' id='word_1_542' title='bbox 1604 3825 1639 3878; x_wconf 91' lang='lat'><strong>3</strong></span> <span class='ocrx_word' id='word_1_543' title='bbox 1673 3826 1856 3878; x_wconf 85' lang='lat' dir='ltr'><strong>nisum</strong></span> <span class='ocrx_word' id='word_1_544' title='bbox 1889 3840 1984 3892; x_wconf 86' lang='lat' dir='ltr'><strong>pro</strong></span> <span class='ocrx_word' id='word_1_545' title='bbox 2018 3826 2200 3879; x_wconf 84' lang='lat' dir='ltr'><strong>uisum</strong></span> <span class='ocrx_word' id='word_1_546' title='bbox 2216 3864 2229 3888; x_wconf 91' lang='lat'>‚</span> <span class='ocrx_word' id='word_1_547' title='bbox 2287 3824 2370 3891; x_wconf 88' lang='grc'><strong>63,</strong></span> <span class='ocrx_word' id='word_1_548' title='bbox 2408 3825 2477 3879; x_wconf 90' lang='grc'><strong>23</strong></span> <span class='ocrx_word' id='word_1_549' title='bbox 2512 3829 2627 3881; x_wconf 87' lang='lat' dir='ltr'><strong>not.</strong></span> <span class='ocrx_word' id='word_1_550' title='bbox 2668 3827 2705 3881; x_wconf 83' lang='lat' dir='ltr'>S</span> <span class='ocrx_word' id='word_1_551' title='bbox 2741 3827 2952 3882; x_wconf 80' lang='lat' dir='ltr'><strong>habet</strong></span> 
     </span>
    </p>
   </div>
   <div class='ocr_carea' id='block_1_5' title="bbox 635 3911 2955 4100">
    <p class='ocr_par' dir='ltr' id='par_1_15' title="bbox 635 3911 2955 4100">
     <span class='ocr_line' id='line_1_39' title="bbox 635 3911 2951 4015; baseline 0 -15"><span class='ocrx_word' id='word_1_552' title='bbox 635 3911 888 4001; x_wconf 66' lang='lat' dir='ltr'><strong>diuidere</strong></span> <span class='ocrx_word' id='word_1_553' title='bbox 921 3962 958 3999; x_wconf 83' lang='lat' dir='ltr'><strong>a</strong></span> <span class='ocrx_word' id='word_1_554' title='bbox 985 3962 1044 4013; x_wconf 86' lang='lat' dir='ltr'><strong>p.</strong></span> <span class='ocrx_word' id='word_1_555' title='bbox 1081 3946 1137 4010; x_wconf 88' lang='lat' dir='ltr'><strong>i.,</strong></span> <span class='ocrx_word' id='word_1_556' title='bbox 1183 3944 1266 4008; x_wconf 87' lang='lat'><strong>80,</strong></span> <span class='ocrx_word' id='word_1_557' title='bbox 1308 3944 1372 3997; x_wconf 93' lang='lat'>12</span> <span class='ocrx_word' id='word_1_558' title='bbox 1407 3944 1643 4012; x_wconf 80' lang='lat' dir='ltr'><strong>adplene</strong></span> <span class='ocrx_word' id='word_1_559' title='bbox 1678 3960 1772 4013; x_wconf 89' lang='lat' dir='ltr'><strong>pro</strong></span> <span class='ocrx_word' id='word_1_560' title='bbox 1810 3942 1885 3997; x_wconf 79' lang='lat' dir='ltr'><strong>acl</strong></span> <span class='ocrx_word' id='word_1_561' title='bbox 1912 3944 2093 4013; x_wconf 82' lang='lat' dir='ltr'><strong>plene,</strong></span> <span class='ocrx_word' id='word_1_562' title='bbox 2133 3943 2248 4009; x_wconf 90' lang='grc'>109,</span> <span class='ocrx_word' id='word_1_563' title='bbox 2284 3944 2349 3997; x_wconf 94' lang='grc'><strong>21</strong></span> <span class='ocrx_word' id='word_1_564' title='bbox 2388 3947 2500 3998; x_wconf 89' lang='lat' dir='ltr'><strong>not.</strong></span> <span class='ocrx_word' id='word_1_565' title='bbox 2546 3960 2618 3999; x_wconf 85' lang='lat' dir='ltr'><strong>ne</strong></span> <span class='ocrx_word' id='word_1_566' title='bbox 2652 3961 2757 4015; x_wconf 84' lang='lat' dir='ltr'><strong>pro</strong></span> <span class='ocrx_word' id='word_1_567' title='bbox 2804 3962 2951 4012; x_wconf 70' lang='lat' dir='ltr'><strong>nec,</strong></span> 
     </span>
     <span class='ocr_line' id='line_1_40' title="bbox 636 4029 2955 4100; baseline 0 -15"><span class='ocrx_word' id='word_1_568' title='bbox 636 4032 752 4096; x_wconf 88' lang='lat'>116,</span> <span class='ocrx_word' id='word_1_569' title='bbox 779 4032 845 4086; x_wconf 89' lang='grc'><strong>15</strong></span> <span class='ocrx_word' id='word_1_570' title='bbox 879 4033 991 4085; x_wconf 91' lang='lat' dir='ltr'><strong>not.</strong></span> <span class='ocrx_word' id='word_1_571' title='bbox 1029 4031 1150 4085; x_wconf 82' lang='lat' dir='ltr'><strong>AB</strong></span> <span class='ocrx_word' id='word_1_572' title='bbox 1184 4046 1278 4099; x_wconf 83' lang='lat' dir='ltr'><strong>pro</strong></span> <span class='ocrx_word' id='word_1_573' title='bbox 1314 4030 1452 4093; x_wconf 89' lang='lat' dir='ltr'>BB,</span> <span class='ocrx_word' id='word_1_574' title='bbox 1495 4030 1607 4087; x_wconf 87' lang='lat'>134,</span> <span class='ocrx_word' id='word_1_575' title='bbox 1634 4031 1667 4083; x_wconf 93' lang='grc'>5</span> <span class='ocrx_word' id='word_1_576' title='bbox 1693 4030 2102 4097; x_wconf 83' lang='lat' dir='ltr'><strong>prosternitare</strong></span> <span class='ocrx_word' id='word_1_577' title='bbox 2135 4044 2229 4098; x_wconf 90' lang='lat' dir='ltr'><strong>pro</strong></span> <span class='ocrx_word' id='word_1_578' title='bbox 2262 4029 2681 4097; x_wconf 82' lang='lat' dir='ltr'><strong>prosterniclare</strong></span> <span class='ocrx_word' id='word_1_579' title='bbox 2718 4033 2955 4100; x_wconf 79' lang='lat' dir='ltr'><strong>(etiam</strong></span> 
     </span>
    </p>
   </div>
   <div class='ocr_carea' id='block_1_6' title="bbox 632 4119 2960 4289">
    <p class='ocr_par' dir='ltr' id='par_1_16' title="bbox 632 4119 2960 4289">
     <span class='ocr_line' id='line_1_41' title="bbox 632 4119 2959 4203; baseline 0.001 -16"><span class='ocrx_word' id='word_1_580' title='bbox 632 4134 693 4187; x_wconf 89' lang='lat' dir='ltr'><strong>in</strong></span> <span class='ocrx_word' id='word_1_581' title='bbox 727 4136 891 4203; x_wconf 88' lang='lat' dir='ltr'><strong>not.)‚</strong></span> <span class='ocrx_word' id='word_1_582' title='bbox 939 4134 1055 4202; x_wconf 88' lang='lat'>141,</span> <span class='ocrx_word' id='word_1_583' title='bbox 1098 4134 1161 4187; x_wconf 87' lang='lat'><strong>12</strong></span> <span class='ocrx_word' id='word_1_584' title='bbox 1197 4136 1308 4187; x_wconf 87' lang='lat' dir='ltr'><strong>not.</strong></span> <span class='ocrx_word' id='word_1_585' title='bbox 1345 4119 1538 4187; x_wconf 59' lang='lat' dir='ltr'><strong>uideri</strong></span> <span class='ocrx_word' id='word_1_586' title='bbox 1562 4132 1626 4187; x_wconf 80' lang='lat' dir='ltr'><em>F</em></span> <span class='ocrx_word' id='word_1_587' title='bbox 1652 4149 1746 4201; x_wconf 87' lang='lat' dir='ltr'><strong>pro</strong></span> <span class='ocrx_word' id='word_1_588' title='bbox 1787 4132 1854 4198; x_wconf 70' lang='lat' dir='ltr'>G,</span> <span class='ocrx_word' id='word_1_589' title='bbox 1906 4134 2001 4187; x_wconf 88' lang='lat'><strong>191</strong></span> <span class='ocrx_word' id='word_1_590' title='bbox 2040 4150 2072 4187; x_wconf 88' lang='lat' dir='ltr'><strong>a</strong></span> <span class='ocrx_word' id='word_1_591' title='bbox 2106 4133 2202 4188; x_wconf 88' lang='lat' dir='ltr'><strong>lin.</strong></span> <span class='ocrx_word' id='word_1_592' title='bbox 2241 4134 2324 4199; x_wconf 89' lang='lat'><strong>14,</strong></span> <span class='ocrx_word' id='word_1_593' title='bbox 2361 4149 2470 4186; x_wconf 92' lang='lat' dir='ltr'><strong>non</strong></span> <span class='ocrx_word' id='word_1_594' title='bbox 2507 4150 2539 4186; x_wconf 87' lang='lat' dir='ltr'><strong>a</strong></span> <span class='ocrx_word' id='word_1_595' title='bbox 2574 4150 2793 4189; x_wconf 74' lang='lat' dir='ltr'><strong>nomen</strong></span> <span class='ocrx_word' id='word_1_596' title='bbox 2835 4137 2959 4190; x_wconf 84' lang='lat' dir='ltr'><strong>lin.</strong></span> 
     </span>
     <span class='ocr_line' id='line_1_42' title="bbox 635 4218 2960 4289; baseline 0 -14"><span class='ocrx_word' id='word_1_597' title='bbox 635 4220 700 4275; x_wconf 86' lang='grc'><strong>17</strong></span> <span class='ocrx_word' id='word_1_598' title='bbox 734 4235 874 4273; x_wconf 83' lang='lat' dir='ltr'><strong>noua</strong></span> <span class='ocrx_word' id='word_1_599' title='bbox 909 4221 1108 4288; x_wconf 85' lang='lat' dir='ltr'><strong>epilogi</strong></span> <span class='ocrx_word' id='word_1_600' title='bbox 1143 4220 1408 4289; x_wconf 83' lang='lat' dir='ltr'><strong>particula</strong></span> <span class='ocrx_word' id='word_1_601' title='bbox 1433 4220 1580 4288; x_wconf 83' lang='lat' dir='ltr'><strong>typis</strong></span> <span class='ocrx_word' id='word_1_602' title='bbox 1608 4218 1957 4272; x_wconf 86' lang='lat' dir='ltr'><strong>describenda</strong></span> <span class='ocrx_word' id='word_1_603' title='bbox 1992 4223 2123 4273; x_wconf 88' lang='lat' dir='ltr'><strong>erat.</strong></span> <span class='ocrx_word' id='word_1_604' title='bbox 2149 4249 2218 4259; x_wconf 93' lang='lat'><strong>—</strong></span> <span class='ocrx_word' id='word_1_605' title='bbox 2244 4218 2360 4283; x_wconf 86' lang='grc'>124,</span> <span class='ocrx_word' id='word_1_606' title='bbox 2398 4219 2468 4273; x_wconf 93' lang='grc'><strong>20</strong></span> <span class='ocrx_word' id='word_1_607' title='bbox 2503 4234 2565 4273; x_wconf 88' lang='lat' dir='ltr'><strong>ex</strong></span> <span class='ocrx_word' id='word_1_608' title='bbox 2600 4219 2650 4274; x_wconf 90' lang='lat' dir='ltr'>G</span> <span class='ocrx_word' id='word_1_609' title='bbox 2686 4222 2960 4279; x_wconf 79' lang='lat' dir='ltr'><strong>inmota</strong></span> 
     </span>
    </p>
   </div>
   <div class='ocr_carea' id='block_1_7' title="bbox 631 4304 2160 4373">
    <p class='ocr_par' dir='ltr' id='par_1_17' title="bbox 631 4304 2160 4373">
     <span class='ocr_line' id='line_1_43' title="bbox 631 4304 2160 4373; baseline 0 -16"><span class='ocrx_word' id='word_1_610' title='bbox 631 4304 864 4372; x_wconf 83' lang='lat' dir='ltr'><strong>recipere</strong></span> <span class='ocrx_word' id='word_1_611' title='bbox 899 4306 1155 4359; x_wconf 85' lang='lat' dir='ltr'><strong>debebam</strong></span> <span class='ocrx_word' id='word_1_612' title='bbox 1195 4306 1314 4358; x_wconf 90' lang='lat' dir='ltr'><strong>coll.</strong></span> <span class='ocrx_word' id='word_1_613' title='bbox 1351 4305 1510 4373; x_wconf 86' lang='lat' dir='ltr'><strong>Apul.</strong></span> <span class='ocrx_word' id='word_1_614' title='bbox 1549 4304 1615 4357; x_wconf 90' lang='lat' dir='ltr'><strong>de</strong></span> <span class='ocrx_word' id='word_1_615' title='bbox 1652 4304 1829 4373; x_wconf 90' lang='lat' dir='ltr'><strong>dogm.</strong></span> <span class='ocrx_word' id='word_1_616' title='bbox 1866 4304 2007 4357; x_wconf 86' lang='lat' dir='ltr'><strong>Plat.</strong></span> <span class='ocrx_word' id='word_1_617' title='bbox 2046 4305 2075 4359; x_wconf 90' lang='grc' dir='ltr'>Ι</span> <span class='ocrx_word' id='word_1_618' title='bbox 2109 4305 2160 4358; x_wconf 88' lang='lat'><strong>9.</strong></span> 
     </span>
    </p>
   </div>
   <div class='ocr_carea' id='block_1_8' title="bbox 1566 4464 1974 4473">
    <p class='ocr_par' dir='ltr' id='par_1_18' title="bbox 1566 4464 1974 4473">
     <span class='ocr_line' id='line_1_44' title="bbox 1566 4464 1974 4473; baseline 0 577"><span class='ocrx_word' id='word_1_619' title='bbox 1566 4464 1974 4473; x_wconf 95' lang='lat' dir='ltr'><strong> </strong></span> 
     </span>
    </p>
   </div>
   <div class='ocr_carea' id='block_1_9' title="bbox 2010 4592 2093 4659">
    <p class='ocr_par' dir='ltr' id='par_1_19' title="bbox 2010 4592 2093 4659">
     <span class='ocr_line' id='line_1_45' title="bbox 2010 4592 2093 4659; baseline 0.048 -4"><span class='ocrx_word' id='word_1_620' title='bbox 2010 4592 2093 4659; x_wconf 81' lang='lat'><strong>25</strong></span> 
     </span>
    </p>
   </div>
  </div>
 </body>
</html>
