3175 5050
1079 374 1168 428 De
1202 376 1392 429 statu
1427 373 1689 430 animae
1727 372 1759 430 1
1792 372 1879 429 21.
2524 375 2605 442 ’11

471 564 734 633 ...odi
776 568 1002 628 artus
1045 561 1580 645 fragilemque
1624 561 1828 627 hunc
1870 562 2223 646 corporis
2265 580 2483 627 usum

462 669 946 734 desertorem
991 665 1255 733 animi.

353 790 518 872 quod
590 794 664 854 ut
733 790 936 872 magis
1005 788 1246 878 pateat,
1323 787 1440 853 hoc
1513 788 1723 869 ipsum
1795 784 2158 869 diligentius
2230 784 2611 850 uentilemus

349 895 540 974 atque
605 894 684 958 ab
751 895 1023 957 extremo
1090 891 1444 956 uiuentium
1511 908 1739 974 genere
1804 892 1880 955 ad
1936 887 2310 955 rationalem
2368 905 2611 970 quoque

306 1018 334 1059 6
352 995 554 1069 uitam
600 995 934 1061 ordinatim
977 994 1410 1077 gradatimque
1445 993 1791 1076 ueniamus,
1822 994 1899 1056 ut
1924 992 2051 1057 tria
2078 991 2213 1071 illa,
2245 993 2611 1056 memoriam

349 1098 683 1165 consilium
737 1098 1148 1175 uoluntatem,
1209 1098 1437 1180 quibus
1496 1097 1805 1162 humanae
1850 1096 2095 1162 animae
2141 1094 2331 1160 confit
2373 1096 2609 1168 unitas,

349 1202 560 1267 uidere
617 1202 944 1285 possimus,
1000 1201 1346 1285 quamlibet
1400 1201 1693 1267 rationali
1746 1201 1933 1282 atque
1976 1197 2339 1265 inrationali
2380 1195 2609 1263 memi-

347 1305 516 1370 nisse
560 1324 884 1371 commune
938 1305 1046 1371 sit.

1372 1558 1576 1644 XXI.

277 1765 330 1805 10
348 1751 542 1812 QVOD
604 1751 922 1799 MEMORIA
981 1750 1362 1799 RATIONALI
1425 1750 1516 1798 ET
1578 1750 2037 1799 INRATIONALI
2104 1750 2369 1799 ANIMAE
2436 1748 2607 1797 COM-

683 1854 896 1903 MVNIS
939 1853 1046 1903 SIT
1089 1854 1177 1901 ΕΤ
1221 1854 1430 1903 omns
1491 1854 1855 1903 OREATVRA
1909 1854 2015 1902 81'1*
2047 1854 2274 1903 HOMO.

433 1992 612 2059 Vnde
675 2011 793 2059 non
841 1993 1076 2076 absque
1144 2012 1289 2059 uero
1356 1992 1588 2061 dicitur
1653 1995 1721 2058 in
1785 1994 2085 2060 memoria
2143 2012 2272 2058 esse
2336 1990 2608 2058 hominis

345 2098 720 2181 pecudisque
765 2096 1119 2162 confinium.
1189 2116 1336 2164 nam
1381 2102 1445 2162 et
1488 2095 1670 2163 nidos
1716 2096 1987 2163 ciconiae
2023 2098 2211 2179 atque
2241 2095 2609 2162 hirundines

345 2206 490 2283 post
533 2219 768 2266 annum
811 2199 1114 2281 reuisunt,
1164 2203 1226 2264 et
1272 2200 1416 2283 equi
1461 2199 1715 2265 stabula
1757 2202 2066 2283 repetunt,
2107 2201 2170 2264 ct
2199 2217 2374 2263 canes
2408 2197 2607 2262 domi-

277 2324 457 2375 1⁵nos
501 2307 972 2389 recognoscunt.
1032 2306 1141 2369 sed
1185 2306 1478 2387 quoniam
1526 2304 1775 2369 animae
1819 2304 2168 2370 belluarum
2216 2302 2332 2366 etsi
2377 2300 2607 2381 imagi·-

344 2427 456 2475 nes
521 2407 800 2474 locorum
867 2409 1240 2475 naturaliter
1305 2408 1601 2487 retinent,
1670 2407 1867 2490 ipsius
1934 2409 2157 2471 tamen.
2215 2402 2607 2470 substantiae
2700 2414 2705 2419 ·

345 2530 498 2577 suae
542 2511 867 2578 scientiam
911 2531 1034 2577 non
1079 2511 1338 2592 habent,
1386 2514 1452 2578 in
1481 2509 1905 2578 recordatione
1936 2508 2347 2594 corporalium
2380 2525 2607 2584 rerum,

347 2632 500 2697 quas
554 2634 664 2699 per
719 2617 988 2698 corporis
1046 2635 1262 2682 sensus
1317 2617 1685 2694 hauserunt,
1743 2615 2088 2681 necessario
2148 2613 2475 2677 remanent
2542 2615 2607 2673 et

345 2717 762 2784 ratiocinandi
807 2737 932 2782 non
975 2719 1278 2784 habentes
1323 2719 1591 2799 oculum,
1637 2738 1762 2785 non
1799 2721 2004 2785 dicam
2034 2735 2221 2802 supra
2249 2734 2314 2781 se
2344 2713 2605 2797 aliquid,

275 2824 456 2892 sosed
499 2840 568 2886 se
611 2821 782 2903 ipsas
825 2821 1041 2886 uidere
1085 2835 1207 2888 non
1252 2826 1532 2904 possunt.
1593 2822 1831 2904 gratias
1877 2839 2041 2906 ergo,
2084 2821 2139 2886 si
2182 2838 2306 2885 non
2340 2819 2607 2901 quantas

347 2923 557 3002 debet,
602 2928 668 2989 at
711 2928 974 3006 quantas
1018 2925 1246 3006 potest,
1293 2925 1558 2990 creatori
1602 2945 1713 2990 suo
1756 2927 1928 2991 totus
1972 2925 2155 2991 homo
2200 2922 2453 2999 referat,
2500 2919 2608 3003 qui

344 3028 448 3093 illi
501 3027 834 3093 ineffabilis
889 3026 1297 3114 benignitatis
1351 3027 1649 3112 largitate
1710 3027 2043 3094 essentiam
2091 3046 2235 3093 cum
2278 3024 2605 3108 lapidibus,

345 3129 551 3196 uitam
609 3131 978 3196 seminalem
1033 3150 1178 3196 cum
1234 3131 1444 3198 herbis
1510 3135 1576 3198 et
1620 3131 1965 3210 arboribus,
2008 3131 2211 3196 uitam
2253 3128 2604 3196 sensualem

555 3317 580 3374 l
622 3317 759 3372 Stat.
795 3316 965 3374 Theb.
997 3318 1048 3384 8,
1087 3316 1190 3372 738

449 3489 481 3540 1
535 3503 662 3540 usus
713 3486 772 3540 B
974 3487 1009 3540 3
1061 3502 1218 3554 mage
1273 3484 1328 3542 G-
1531 3486 1566 3540 5
1620 3485 2019 3560 gradiatimque
2070 3486 2128 3542 R
2331 3487 2364 3540 6
2418 3485 2609 3540 cumfit

341 3572 487 3638 ΒΕ,
545 3572 828 3626 conficitur
872 3571 947 3626 M
954 3571 1013 3639 b,
1073 3573 1286 3627 constat
1327 3573 1390 3641 ρ’
1600 3573 1634 3627 7
1676 3572 1850 3628 uerba
1890 3573 2026 3628 inde
2060 3590 2097 3626 a
2142 3571 2441 3642 quamlibet
2480 3589 2607 3628 cum

341 3659 591 3726 sequenti
625 3659 808 3726 capite
841 3658 1140 3712 coniomcta
1173 3658 1430 3728 leyuntwr
1462 3659 1528 3712 in
1575 3659 1649 3714 M
1659 3658 1691 3712 b
1898 3658 1965 3712 12
2008 3659 2175 3714 initio
2209 3659 2372 3713 huius
2406 3659 2609 3728 capitis

343 3743 614 3814 quaedam
648 3746 822 3799 uerba
857 3744 1122 3802 excidisse
1155 3745 1426 3814 opinatur
1460 3745 1733 3800 Bmlriws
1936 3746 2061 3816 non]
2095 3761 2239 3800 nunc
2272 3743 2404 3810 HS,
2462 3751 2607 3832 nunc

340 3865 400 3921 R
629 3865 696 3920 13
751 3865 824 3934 et]
881 3866 950 3920 ad
1001 3865 1295 3934 ADEFP,
1354 3868 1412 3920 et
1463 3866 1532 3920 ad
1585 3865 1706 3921 Sch.
1720 3905 1735 3930 ,
1790 3879 1893 3920 om.
1948 3865 1997 3920 S
2214 3864 2483 3920 irundinis
2534 3864 2607 3932 B,

340 3951 622 4006 irundines
667 3949 717 4006 S
918 3953 988 4006 14
1027 3953 1228 4006 reuersi
1263 3955 1392 4006 sunt
1439 3949 1797 4016 ABHPRS,
1858 3967 2068 4005 reuerso
2103 3954 2232 4006 sunt
2274 3950 2462 4017 DEF,
2522 3965 2605 4006 re-

341 4053 524 4092 uersae
575 4041 705 4092 sunt
759 4035 878 4091 seh.
1134 4037 1200 4092 17
1253 4036 1623 4092 recordatione
1676 4036 1751 4092 M
1756 4035 1789 4090 b
2048 4035 2119 4089 20
2168 4036 2287 4104 ipsa
2344 4036 2413 4103 Ο,
2472 4035 2606 4105 ipsis

343 4139 411 4178 ex
445 4124 590 4191 ipsas
634 4121 693 4176 R
897 4121 966 4190 si]
1015 4121 1119 4175 etsi
1167 4123 1226 4188 b,
1283 4125 1340 4176 et
1375 4128 1506 4178 ante
1539 4123 1588 4176 si
1624 4121 1756 4176 add.
1792 4121 1869 4176 M
1895 4136 2045 4176 man.
2078 4135 2216 4185 rec„
2274 4123 2373 4175 aut
2398 4123 2470 4190 μ’

341 4208 409 4262 21
447 4212 546 4264 aut
578 4207 819 4264 BD¹EF
829 4210 864 4274 ²,
924 4207 1015 4261 uel
1049 4207 1123 4262 M
1133 4207 1166 4262 b
1261 4271 1264 4274 ⁴
1371 4207 1442 4264 22
1475 4206 1847 4277 benignitates
1880 4206 1988 4273 Μ’,
2042 4221 2143 4261 om.
2180 4206 2237 4260 B
2438 4207 2606 4277 largi-

342 4297 459 4348 tate
495 4293 625 4350 add.
661 4293 754 4348 M²
789 4294 854 4348 in
889 4307 1056 4363 mar-9.
