<?xml version="1.0" encoding="UTF-8"?>
<!DOCTYPE html PUBLIC "-//W3C//DTD XHTML 1.0 Transitional//EN"
    "http://www.w3.org/TR/xhtml1/DTD/xhtml1-transitional.dtd">
<html xmlns="http://www.w3.org/1999/xhtml" xml:lang="en" lang="en">
 <head>
  <title>
</title>
<meta http-equiv="Content-Type" content="text/html;charset=utf-8" />
  <meta name='ocr-system' content='tesseract 3.04.00' />
  <meta name='ocr-capabilities' content='ocr_page ocr_carea ocr_par ocr_line ocrx_word'/>
</head>
<body>
  <div class='ocr_page' id='page_1' title='image "./corpusscriptoru28wiengoog_0247.png"; bbox 0 0 3175 5050; ppageno 0'>
   <div class='ocr_carea' id='block_1_1' title="bbox 980 425 2547 490">
    <p class='ocr_par' dir='ltr' id='par_1_1' title="bbox 980 425 2547 490">
     <span class='ocr_line' id='line_1_1' title="bbox 980 425 2547 490; baseline 0.006 -9"><span class='ocrx_word' id='word_1_1' title='bbox 980 426 1070 481; x_wconf 82' lang='lat' dir='ltr'>De</span> <span class='ocrx_word' id='word_1_2' title='bbox 1103 427 1297 481; x_wconf 79' lang='lat' dir='ltr'>statu</span> <span class='ocrx_word' id='word_1_3' title='bbox 1331 427 1593 482; x_wconf 84' lang='lat' dir='ltr'>animae</span> <span class='ocrx_word' id='word_1_4' title='bbox 1639 425 1730 482; x_wconf 93' lang='lat'>111</span> <span class='ocrx_word' id='word_1_5' title='bbox 1767 425 1847 481; x_wconf 82' lang='lat'>12.</span> <span class='ocrx_word' id='word_1_6' title='bbox 2424 425 2547 490; x_wconf 79' lang='grc'>177</span> 
     </span>
    </p>
   </div>
   <div class='ocr_carea' id='block_1_2' title="bbox 211 612 2547 1944">
    <p class='ocr_par' dir='ltr' id='par_1_2' title="bbox 235 612 2547 1525">
     <span class='ocr_line' id='line_1_2' title="bbox 278 612 2547 701; baseline -0.001 -16"><span class='ocrx_word' id='word_1_7' title='bbox 278 620 404 686; x_wconf 88' lang='lat' dir='ltr'>duo</span> <span class='ocrx_word' id='word_1_8' title='bbox 458 619 614 684; x_wconf 85' lang='lat' dir='ltr'>haec</span> <span class='ocrx_word' id='word_1_9' title='bbox 669 635 856 701; x_wconf 87' lang='lat' dir='ltr'>quam</span> <span class='ocrx_word' id='word_1_10' title='bbox 919 617 1206 684; x_wconf 73' lang='lat' dir='ltr'>sollerter</span> <span class='ocrx_word' id='word_1_11' title='bbox 1271 615 1501 682; x_wconf 78' lang='lat' dir='ltr'><strong>discuti</strong></span> <span class='ocrx_word' id='word_1_12' title='bbox 1567 617 1729 680; x_wconf 83' lang='lat' dir='ltr'>ratio</span> <span class='ocrx_word' id='word_1_13' title='bbox 1796 612 2191 697; x_wconf 73' lang='lat' dir='ltr'>indagandae</span> <span class='ocrx_word' id='word_1_14' title='bbox 2258 615 2547 684; x_wconf 78' lang='lat' dir='ltr'>ueritatis</span> 
     </span>
     <span class='ocr_line' id='line_1_3' title="bbox 275 719 2543 807; baseline -0.003 -17"><span class='ocrx_word' id='word_1_15' title='bbox 275 723 588 807; x_wconf 75' lang='lat' dir='ltr'>exposcit:</span> <span class='ocrx_word' id='word_1_16' title='bbox 663 724 772 787; x_wconf 88' lang='lat' dir='ltr'>aut</span> <span class='ocrx_word' id='word_1_17' title='bbox 839 739 1060 787; x_wconf 85' lang='lat' dir='ltr'>uerum</span> <span class='ocrx_word' id='word_1_18' title='bbox 1103 738 1327 786; x_wconf 87' lang='lat' dir='ltr'>reuera</span> <span class='ocrx_word' id='word_1_19' title='bbox 1389 720 1502 800; x_wconf 88' lang='lat' dir='ltr'>est,</span> <span class='ocrx_word' id='word_1_20' title='bbox 1561 720 1722 802; x_wconf 87' lang='lat' dir='ltr'>quod</span> <span class='ocrx_word' id='word_1_21' title='bbox 1780 720 2141 801; x_wconf 85' lang='lat' dir='ltr'>incorporea</span> <span class='ocrx_word' id='word_1_22' title='bbox 2182 719 2266 784; x_wconf 88' lang='lat' dir='ltr'>sit</span> <span class='ocrx_word' id='word_1_23' title='bbox 2310 720 2543 802; x_wconf 83' lang='lat' dir='ltr'>anima,</span> 
     </span>
     <span class='ocr_line' id='line_1_4' title="bbox 276 822 2543 910; baseline -0.003 -16"><span class='ocrx_word' id='word_1_24' title='bbox 276 829 336 895; x_wconf 84' lang='lat' dir='ltr'>si</span> <span class='ocrx_word' id='word_1_25' title='bbox 383 829 500 893; x_wconf 89' lang='lat' dir='ltr'>hoc</span> <span class='ocrx_word' id='word_1_26' title='bbox 545 828 752 910; x_wconf 88' lang='lat' dir='ltr'>ipsum</span> <span class='ocrx_word' id='word_1_27' title='bbox 797 825 872 890; x_wconf 90' lang='lat' dir='ltr'>de</span> <span class='ocrx_word' id='word_1_28' title='bbox 917 843 982 888; x_wconf 86' lang='lat' dir='ltr'>se</span> <span class='ocrx_word' id='word_1_29' title='bbox 1027 824 1166 909; x_wconf 89' lang='lat' dir='ltr'>ipsa</span> <span class='ocrx_word' id='word_1_30' title='bbox 1208 823 1520 890; x_wconf 88' lang='lat' dir='ltr'>ueraciter</span> <span class='ocrx_word' id='word_1_31' title='bbox 1563 823 1759 898; x_wconf 89' lang='lat' dir='ltr'>nouit,</span> <span class='ocrx_word' id='word_1_32' title='bbox 1806 826 1917 890; x_wconf 87' lang='lat' dir='ltr'>aut</span> <span class='ocrx_word' id='word_1_33' title='bbox 1960 822 2116 888; x_wconf 87' lang='lat' dir='ltr'>item</span> <span class='ocrx_word' id='word_1_34' title='bbox 2160 840 2379 890; x_wconf 90' lang='lat' dir='ltr'>uerum</span> <span class='ocrx_word' id='word_1_35' title='bbox 2424 822 2543 900; x_wconf 87' lang='lat' dir='ltr'>est,</span> 
     </span>
     <span class='ocr_line' id='line_1_5' title="bbox 283 926 2545 1016; baseline -0.004 -18"><span class='ocrx_word' id='word_1_36' title='bbox 283 932 448 1016; x_wconf 89' lang='lat' dir='ltr'>quod</span> <span class='ocrx_word' id='word_1_37' title='bbox 495 947 787 1013; x_wconf 87' lang='lat' dir='ltr'>corporea</span> <span class='ocrx_word' id='word_1_38' title='bbox 827 929 911 992; x_wconf 88' lang='lat' dir='ltr'>sit</span> <span class='ocrx_word' id='word_1_39' title='bbox 954 928 1187 1003; x_wconf 89' lang='lat' dir='ltr'>anima,</span> <span class='ocrx_word' id='word_1_40' title='bbox 1235 927 1290 992; x_wconf 91' lang='lat' dir='ltr'>si</span> <span class='ocrx_word' id='word_1_41' title='bbox 1335 926 1402 990; x_wconf 90' lang='lat' dir='ltr'>id</span> <span class='ocrx_word' id='word_1_42' title='bbox 1427 945 1621 1008; x_wconf 87' lang='lat' dir='ltr'>penes</span> <span class='ocrx_word' id='word_1_43' title='bbox 1653 926 1899 992; x_wconf 88' lang='lat' dir='ltr'>animae</span> <span class='ocrx_word' id='word_1_44' title='bbox 1930 927 2177 992; x_wconf 81' lang='lat' dir='ltr'>constat</span> <span class='ocrx_word' id='word_1_45' title='bbox 2206 927 2545 994; x_wconf 74' lang='lat' dir='ltr'>auctorem.</span> 
     </span>
     <span class='ocr_line' id='line_1_6' title="bbox 235 1029 2539 1114; baseline 0 -20"><span class='ocrx_word' id='word_1_46' title='bbox 235 1056 264 1094; x_wconf 66' lang='lat' dir='ltr'><em>z</em></span> <span class='ocrx_word' id='word_1_47' title='bbox 283 1035 394 1100; x_wconf 87' lang='lat' dir='ltr'>isti</span> <span class='ocrx_word' id='word_1_48' title='bbox 458 1053 675 1098; x_wconf 90' lang='lat' dir='ltr'>uerum</span> <span class='ocrx_word' id='word_1_49' title='bbox 735 1032 954 1096; x_wconf 86' lang='lat' dir='ltr'>dicunt</span> <span class='ocrx_word' id='word_1_50' title='bbox 1019 1035 1081 1096; x_wconf 89' lang='lat' dir='ltr'>et</span> <span class='ocrx_word' id='word_1_51' title='bbox 1126 1048 1344 1096; x_wconf 89' lang='lat' dir='ltr'>uerum</span> <span class='ocrx_word' id='word_1_52' title='bbox 1405 1034 1523 1108; x_wconf 88' lang='lat' dir='ltr'>est,</span> <span class='ocrx_word' id='word_1_53' title='bbox 1569 1030 1734 1111; x_wconf 90' lang='lat' dir='ltr'>quod</span> <span class='ocrx_word' id='word_1_54' title='bbox 1781 1029 1993 1096; x_wconf 88' lang='lat' dir='ltr'>anima</span> <span class='ocrx_word' id='word_1_55' title='bbox 2036 1030 2391 1114; x_wconf 88' lang='lat' dir='ltr'>incorporea</span> <span class='ocrx_word' id='word_1_56' title='bbox 2432 1031 2539 1108; x_wconf 84' lang='lat' dir='ltr'>sit,</span> 
     </span>
     <span class='ocr_line' id='line_1_7' title="bbox 282 1133 2545 1221; baseline -0.002 -18"><span class='ocrx_word' id='word_1_57' title='bbox 282 1137 432 1221; x_wconf 87' lang='lat' dir='ltr'>quia</span> <span class='ocrx_word' id='word_1_58' title='bbox 491 1140 554 1202; x_wconf 87' lang='lat' dir='ltr'>et</span> <span class='ocrx_word' id='word_1_59' title='bbox 597 1135 769 1201; x_wconf 82' lang='lat' dir='ltr'>istud</span> <span class='ocrx_word' id='word_1_60' title='bbox 811 1135 880 1201; x_wconf 92' lang='lat' dir='ltr'>in</span> <span class='ocrx_word' id='word_1_61' title='bbox 923 1135 1190 1200; x_wconf 83' lang='lat' dir='ltr'>ueritate</span> <span class='ocrx_word' id='word_1_62' title='bbox 1235 1133 1570 1216; x_wconf 75' lang='lat' dir='ltr'>cognoscit,</span> <span class='ocrx_word' id='word_1_63' title='bbox 1619 1133 1685 1197; x_wconf 89' lang='lat' dir='ltr'>et</span> <span class='ocrx_word' id='word_1_64' title='bbox 1728 1133 1883 1198; x_wconf 86' lang='lat' dir='ltr'>item</span> <span class='ocrx_word' id='word_1_65' title='bbox 1940 1151 2158 1198; x_wconf 86' lang='lat' dir='ltr'>uerum</span> <span class='ocrx_word' id='word_1_66' title='bbox 2218 1136 2332 1213; x_wconf 88' lang='lat' dir='ltr'>est,</span> <span class='ocrx_word' id='word_1_67' title='bbox 2380 1133 2545 1217; x_wconf 86' lang='lat' dir='ltr'>quod</span> 
     </span>
     <span class='ocr_line' id='line_1_8' title="bbox 285 1235 2543 1322; baseline -0.002 -17"><span class='ocrx_word' id='word_1_68' title='bbox 285 1240 495 1306; x_wconf 90' lang='lat' dir='ltr'>anima</span> <span class='ocrx_word' id='word_1_69' title='bbox 559 1256 848 1322; x_wconf 88' lang='lat' dir='ltr'>corporea</span> <span class='ocrx_word' id='word_1_70' title='bbox 902 1237 1010 1315; x_wconf 86' lang='lat' dir='ltr'>sit,</span> <span class='ocrx_word' id='word_1_71' title='bbox 1079 1238 1373 1320; x_wconf 90' lang='lat' dir='ltr'>quoniam</span> <span class='ocrx_word' id='word_1_72' title='bbox 1431 1237 1677 1302; x_wconf 86' lang='lat' dir='ltr'>animae</span> <span class='ocrx_word' id='word_1_73' title='bbox 1723 1236 1959 1302; x_wconf 85' lang='lat' dir='ltr'>creator</span> <span class='ocrx_word' id='word_1_74' title='bbox 2010 1235 2077 1302; x_wconf 89' lang='lat' dir='ltr'>id</span> <span class='ocrx_word' id='word_1_75' title='bbox 2136 1235 2334 1315; x_wconf 83' lang='lat' dir='ltr'>nouit,</span> <span class='ocrx_word' id='word_1_76' title='bbox 2390 1239 2543 1302; x_wconf 87' lang='lat' dir='ltr'>duo·</span> 
     </span>
     <span class='ocr_line' id='line_1_9' title="bbox 281 1338 2541 1427; baseline -0.002 -19"><span class='ocrx_word' id='word_1_77' title='bbox 281 1361 400 1427; x_wconf 88' lang='lat' dir='ltr'>que</span> <span class='ocrx_word' id='word_1_78' title='bbox 444 1343 510 1408; x_wconf 89' lang='lat' dir='ltr'>et</span> <span class='ocrx_word' id='word_1_79' title='bbox 552 1341 864 1408; x_wconf 86' lang='lat' dir='ltr'>contraria</span> <span class='ocrx_word' id='word_1_80' title='bbox 918 1357 1361 1424; x_wconf 81' lang='lat' dir='ltr'>usquequaque</span> <span class='ocrx_word' id='word_1_81' title='bbox 1420 1338 1542 1404; x_wconf 86' lang='lat' dir='ltr'>sibi</span> <span class='ocrx_word' id='word_1_82' title='bbox 1598 1343 1664 1406; x_wconf 88' lang='lat' dir='ltr'>et</span> <span class='ocrx_word' id='word_1_83' title='bbox 1708 1341 1971 1423; x_wconf 89' lang='lat' dir='ltr'>utraque</span> <span class='ocrx_word' id='word_1_84' title='bbox 2027 1357 2173 1406; x_wconf 89' lang='lat' dir='ltr'>nera</span> <span class='ocrx_word' id='word_1_85' title='bbox 2215 1357 2352 1406; x_wconf 87' lang='lat' dir='ltr'>esse</span> <span class='ocrx_word' id='word_1_86' title='bbox 2394 1357 2541 1407; x_wconf 85' lang='lat' dir='ltr'>con·</span> 
     </span>
     <span class='ocr_line' id='line_1_10' title="bbox 282 1443 2539 1525; baseline 0 -15"><span class='ocrx_word' id='word_1_87' title='bbox 282 1446 572 1525; x_wconf 88' lang='lat' dir='ltr'>tendunt,</span> <span class='ocrx_word' id='word_1_88' title='bbox 630 1464 772 1512; x_wconf 89' lang='lat' dir='ltr'>cum</span> <span class='ocrx_word' id='word_1_89' title='bbox 829 1464 1050 1511; x_wconf 88' lang='lat' dir='ltr'>uerum</span> <span class='ocrx_word' id='word_1_90' title='bbox 1095 1444 1219 1509; x_wconf 88' lang='lat' dir='ltr'>nisi</span> <span class='ocrx_word' id='word_1_91' title='bbox 1264 1443 1424 1509; x_wconf 89' lang='lat' dir='ltr'>falso</span> <span class='ocrx_word' id='word_1_92' title='bbox 1467 1444 1851 1512; x_wconf 88' lang='lat' dir='ltr'>contrarium</span> <span class='ocrx_word' id='word_1_93' title='bbox 1896 1461 2021 1509; x_wconf 92' lang='lat' dir='ltr'>non</span> <span class='ocrx_word' id='word_1_94' title='bbox 2066 1443 2174 1508; x_wconf 85' lang='lat' dir='ltr'>sit.</span> <span class='ocrx_word' id='word_1_95' title='bbox 2249 1443 2539 1512; x_wconf 85' lang='lat' dir='ltr'>inlustris</span> 
     </span>
    </p>

    <p class='ocr_par' dir='ltr' id='par_1_3' title="bbox 211 1547 2541 1944">
     <span class='ocr_line' id='line_1_11' title="bbox 211 1547 2541 1633; baseline 0 -21"><span class='ocrx_word' id='word_1_96' title='bbox 211 1573 264 1612; x_wconf 68' lang='grc' dir='ltr'>ιο</span> <span class='ocrx_word' id='word_1_97' title='bbox 281 1550 614 1615; x_wconf 84' lang='lat' dir='ltr'>admodum</span> <span class='ocrx_word' id='word_1_98' title='bbox 661 1567 734 1616; x_wconf 89' lang='lat' dir='ltr'>ac</span> <span class='ocrx_word' id='word_1_99' title='bbox 776 1550 1098 1633; x_wconf 84' lang='lat' dir='ltr'>praeclara</span> <span class='ocrx_word' id='word_1_100' title='bbox 1155 1548 1521 1632; x_wconf 86' lang='lat' dir='ltr'>disputatio,</span> <span class='ocrx_word' id='word_1_101' title='bbox 1578 1565 1737 1630; x_wconf 90' lang='lat' dir='ltr'>quae</span> <span class='ocrx_word' id='word_1_102' title='bbox 1788 1547 1941 1614; x_wconf 91' lang='lat' dir='ltr'>dum</span> <span class='ocrx_word' id='word_1_103' title='bbox 1986 1565 2174 1614; x_wconf 85' lang='lat' dir='ltr'>uuam</span> <span class='ocrx_word' id='word_1_104' title='bbox 2220 1547 2541 1630; x_wconf 84' lang='lat' dir='ltr'>solamque</span> 
     </span>
     <span class='ocr_line' id='line_1_12' title="bbox 283 1651 2540 1740; baseline 0.001 -24"><span class='ocrx_word' id='word_1_105' title='bbox 283 1653 621 1718; x_wconf 87' lang='lat' dir='ltr'>ueritatem</span> <span class='ocrx_word' id='word_1_106' title='bbox 677 1653 913 1735; x_wconf 87' lang='lat' dir='ltr'>spernit</span> <span class='ocrx_word' id='word_1_107' title='bbox 969 1655 1124 1740; x_wconf 87' lang='lat' dir='ltr'>duas</span> <span class='ocrx_word' id='word_1_108' title='bbox 1169 1653 1292 1718; x_wconf 79' lang='lat' dir='ltr'>sibi</span> <span class='ocrx_word' id='word_1_109' title='bbox 1335 1651 1640 1717; x_wconf 86' lang='lat' dir='ltr'>ueritates</span> <span class='ocrx_word' id='word_1_110' title='bbox 1684 1651 1947 1719; x_wconf 85' lang='lat' dir='ltr'>inuenit.</span> <span class='ocrx_word' id='word_1_111' title='bbox 2014 1654 2087 1717; x_wconf 91' lang='lat' dir='ltr'>ut</span> <span class='ocrx_word' id='word_1_112' title='bbox 2130 1655 2341 1720; x_wconf 88' lang='lat' dir='ltr'>tamen</span> <span class='ocrx_word' id='word_1_113' title='bbox 2386 1652 2540 1720; x_wconf 87' lang='lat' dir='ltr'>istos</span> 
     </span>
     <span class='ocr_line' id='line_1_13' title="bbox 281 1754 2540 1840; baseline 0.002 -21"><span class='ocrx_word' id='word_1_114' title='bbox 281 1755 680 1840; x_wconf 85' lang='lat' dir='ltr'>professionis</span> <span class='ocrx_word' id='word_1_115' title='bbox 737 1775 885 1822; x_wconf 86' lang='lat' dir='ltr'>suae</span> <span class='ocrx_word' id='word_1_116' title='bbox 927 1757 1185 1823; x_wconf 88' lang='lat' dir='ltr'>nexibus</span> <span class='ocrx_word' id='word_1_117' title='bbox 1229 1760 1494 1836; x_wconf 85' lang='lat' dir='ltr'>teneam,</span> <span class='ocrx_word' id='word_1_118' title='bbox 1522 1809 1526 1812; x_wconf 92' lang='lat'>.</span> <span class='ocrx_word' id='word_1_119' title='bbox 1553 1775 1742 1839; x_wconf 89' lang='lat' dir='ltr'>penes</span> <span class='ocrx_word' id='word_1_120' title='bbox 1789 1754 2107 1822; x_wconf 89' lang='lat' dir='ltr'>hominem</span> <span class='ocrx_word' id='word_1_121' title='bbox 2148 1755 2301 1838; x_wconf 87' lang='lat' dir='ltr'>ipsis</span> <span class='ocrx_word' id='word_1_122' title='bbox 2345 1756 2540 1824; x_wconf 85' lang='lat' dir='ltr'>etiam</span> 
     </span>
     <span class='ocr_line' id='line_1_14' title="bbox 279 1859 1879 1944; baseline 0 -20"><span class='ocrx_word' id='word_1_123' title='bbox 279 1859 628 1925; x_wconf 84' lang='lat' dir='ltr'>fatentibus</span> <span class='ocrx_word' id='word_1_124' title='bbox 673 1862 1065 1944; x_wconf 85' lang='lat' dir='ltr'>incorporeus</span> <span class='ocrx_word' id='word_1_125' title='bbox 1111 1864 1206 1926; x_wconf 88' lang='lat' dir='ltr'>est</span> <span class='ocrx_word' id='word_1_126' title='bbox 1259 1860 1567 1924; x_wconf 79' lang='lat' dir='ltr'>humanus</span> <span class='ocrx_word' id='word_1_127' title='bbox 1615 1862 1879 1926; x_wconf 78' lang='lat' dir='ltr'>animus,</span> 
     </span>
    </p>
   </div>
   <div class='ocr_carea' id='block_1_3' title="bbox 198 1978 2539 3201">
    <p class='ocr_par' dir='ltr' id='par_1_4' title="bbox 367 1978 2537 2064">
     <span class='ocr_line' id='line_1_15' title="bbox 367 1978 2537 2064; baseline 0 -19"><span class='ocrx_word' id='word_1_128' title='bbox 367 1979 675 2061; x_wconf 87' lang='lat' dir='ltr'>Quoniam</span> <span class='ocrx_word' id='word_1_129' title='bbox 719 1981 914 2064; x_wconf 90' lang='lat' dir='ltr'>igitur</span> <span class='ocrx_word' id='word_1_130' title='bbox 957 1999 1141 2064; x_wconf 89' lang='lat' dir='ltr'>super</span> <span class='ocrx_word' id='word_1_131' title='bbox 1184 1981 1301 2046; x_wconf 88' lang='lat' dir='ltr'>hac</span> <span class='ocrx_word' id='word_1_132' title='bbox 1345 1979 1523 2046; x_wconf 87' lang='lat' dir='ltr'>nobis</span> <span class='ocrx_word' id='word_1_133' title='bbox 1577 1980 1959 2064; x_wconf 78' lang='lat' dir='ltr'>quaestionis</span> <span class='ocrx_word' id='word_1_134' title='bbox 2001 1981 2181 2063; x_wconf 86' lang='lat' dir='ltr'>parte</span> <span class='ocrx_word' id='word_1_135' title='bbox 2224 1978 2537 2059; x_wconf 87' lang='lat' dir='ltr'>conuenit,</span> 
     </span>
    </p>

    <p class='ocr_par' dir='ltr' id='par_1_5' title="bbox 198 2082 2539 3201">
     <span class='ocr_line' id='line_1_16' title="bbox 209 2082 2539 2167; baseline 0 -20"><span class='ocrx_word' id='word_1_136' title='bbox 209 2107 260 2146; x_wconf 67' lang='grc' dir='ltr'><strong>η</strong></span> <span class='ocrx_word' id='word_1_137' title='bbox 279 2087 470 2149; x_wconf 85' lang='lat' dir='ltr'>restat</span> <span class='ocrx_word' id='word_1_138' title='bbox 517 2086 588 2149; x_wconf 88' lang='lat' dir='ltr'>ut</span> <span class='ocrx_word' id='word_1_139' title='bbox 633 2085 887 2149; x_wconf 75' lang='lat' dir='ltr'>doceant</span> <span class='ocrx_word' id='word_1_140' title='bbox 934 2085 1240 2167; x_wconf 88' lang='lat' dir='ltr'>quatenus</span> <span class='ocrx_word' id='word_1_141' title='bbox 1283 2083 1689 2166; x_wconf 88' lang='lat' dir='ltr'>incorporalis</span> <span class='ocrx_word' id='word_1_142' title='bbox 1736 2084 2089 2150; x_wconf 88' lang='lat' dir='ltr'>substantia</span> <span class='ocrx_word' id='word_1_143' title='bbox 2117 2082 2218 2147; x_wconf 90' lang='lat' dir='ltr'>illi</span> <span class='ocrx_word' id='word_1_144' title='bbox 2250 2101 2539 2166; x_wconf 86' lang='lat' dir='ltr'>corporea</span> 
     </span>
     <span class='ocr_line' id='line_1_17' title="bbox 278 2187 2539 2272; baseline -0 -20"><span class='ocrx_word' id='word_1_145' title='bbox 278 2189 384 2267; x_wconf 87' lang='lat' dir='ltr'>sit,</span> <span class='ocrx_word' id='word_1_146' title='bbox 453 2187 560 2270; x_wconf 92' lang='lat' dir='ltr'>qui</span> <span class='ocrx_word' id='word_1_147' title='bbox 620 2188 879 2254; x_wconf 88' lang='lat' dir='ltr'>eandem</span> <span class='ocrx_word' id='word_1_148' title='bbox 938 2188 1363 2272; x_wconf 85' lang='lat' dir='ltr'>incorpoream</span> <span class='ocrx_word' id='word_1_149' title='bbox 1423 2188 1679 2254; x_wconf 88' lang='lat' dir='ltr'>creauit.</span> <span class='ocrx_word' id='word_1_150' title='bbox 1763 2207 1876 2254; x_wconf 91' lang='lat' dir='ltr'>nec</span> <span class='ocrx_word' id='word_1_151' title='bbox 1930 2190 2204 2270; x_wconf 89' lang='lat' dir='ltr'>primum</span> <span class='ocrx_word' id='word_1_152' title='bbox 2260 2187 2398 2251; x_wconf 89' lang='lat' dir='ltr'>dico</span> <span class='ocrx_word' id='word_1_153' title='bbox 2442 2187 2539 2252; x_wconf 87' lang='lat' dir='ltr'>ita</span> 
     </span>
     <span class='ocr_line' id='line_1_18' title="bbox 278 2290 2537 2375; baseline 0 -21"><span class='ocrx_word' id='word_1_154' title='bbox 278 2291 362 2355; x_wconf 89' lang='lat' dir='ltr'>sit</span> <span class='ocrx_word' id='word_1_155' title='bbox 405 2309 618 2372; x_wconf 91' lang='lat' dir='ltr'>necne,</span> <span class='ocrx_word' id='word_1_156' title='bbox 663 2291 773 2356; x_wconf 89' lang='lat' dir='ltr'>sed</span> <span class='ocrx_word' id='word_1_157' title='bbox 817 2290 885 2354; x_wconf 90' lang='lat' dir='ltr'>in</span> <span class='ocrx_word' id='word_1_158' title='bbox 928 2292 1423 2375; x_wconf 85' lang='lat' dir='ltr'>praesentiarum</span> <span class='ocrx_word' id='word_1_159' title='bbox 1467 2290 1561 2355; x_wconf 90' lang='lat' dir='ltr'>ita</span> <span class='ocrx_word' id='word_1_160' title='bbox 1606 2309 1738 2355; x_wconf 90' lang='lat' dir='ltr'>esse</span> <span class='ocrx_word' id='word_1_161' title='bbox 1784 2292 2069 2371; x_wconf 90' lang='lat' dir='ltr'>concedo,</span> <span class='ocrx_word' id='word_1_162' title='bbox 2113 2290 2278 2356; x_wconf 92' lang='lat' dir='ltr'>unde</span> <span class='ocrx_word' id='word_1_163' title='bbox 2322 2293 2537 2355; x_wconf 90' lang='lat' dir='ltr'>tamen</span> 
     </span>
     <span class='ocr_line' id='line_1_19' title="bbox 277 2393 2536 2477; baseline 0.001 -21"><span class='ocrx_word' id='word_1_164' title='bbox 277 2393 368 2458; x_wconf 90' lang='lat' dir='ltr'>ita</span> <span class='ocrx_word' id='word_1_165' title='bbox 413 2411 544 2458; x_wconf 89' lang='lat' dir='ltr'>esse</span> <span class='ocrx_word' id='word_1_166' title='bbox 589 2394 876 2460; x_wconf 88' lang='lat' dir='ltr'>nouerint</span> <span class='ocrx_word' id='word_1_167' title='bbox 921 2412 1168 2477; x_wconf 90' lang='lat' dir='ltr'>quaero.</span> <span class='ocrx_word' id='word_1_168' title='bbox 1245 2396 1300 2460; x_wconf 91' lang='lat' dir='ltr'>si</span> <span class='ocrx_word' id='word_1_169' title='bbox 1346 2395 1413 2460; x_wconf 90' lang='lat' dir='ltr'>id</span> <span class='ocrx_word' id='word_1_170' title='bbox 1458 2394 1813 2459; x_wconf 86' lang='lat' dir='ltr'>diuinorum</span> <span class='ocrx_word' id='word_1_171' title='bbox 1865 2395 2257 2460; x_wconf 88' lang='lat' dir='ltr'>uoluminum</span> <span class='ocrx_word' id='word_1_172' title='bbox 2316 2393 2536 2459; x_wconf 86' lang='lat' dir='ltr'>literae</span> 
     </span>
     <span class='ocr_line' id='line_1_20' title="bbox 278 2495 2531 2581; baseline -0.001 -18"><span class='ocrx_word' id='word_1_173' title='bbox 278 2497 600 2563; x_wconf 89' lang='lat' dir='ltr'>continent</span> <span class='ocrx_word' id='word_1_174' title='bbox 671 2497 902 2581; x_wconf 88' lang='lat' dir='ltr'>legant,</span> <span class='ocrx_word' id='word_1_175' title='bbox 979 2495 1035 2561; x_wconf 91' lang='lat' dir='ltr'>si</span> <span class='ocrx_word' id='word_1_176' title='bbox 1109 2496 1435 2579; x_wconf 87' lang='lat' dir='ltr'>quaepiam</span> <span class='ocrx_word' id='word_1_177' title='bbox 1508 2495 1904 2563; x_wconf 84' lang='lat' dir='ltr'>ratiocinatio</span> <span class='ocrx_word' id='word_1_178' title='bbox 1974 2496 2193 2564; x_wconf 87' lang='lat' dir='ltr'>suadet</span> <span class='ocrx_word' id='word_1_179' title='bbox 2256 2496 2531 2576; x_wconf 85' lang='lat' dir='ltr'>doceant,</span> 
     </span>
     <span class='ocr_line' id='line_1_21' title="bbox 201 2600 2533 2680; baseline 0.002 -19"><span class='ocrx_word' id='word_1_180' title='bbox 201 2621 260 2661; x_wconf 54' lang='grc' dir='ltr'>ρο</span> <span class='ocrx_word' id='word_1_181' title='bbox 278 2602 332 2665; x_wconf 89' lang='lat' dir='ltr'>si</span> <span class='ocrx_word' id='word_1_182' title='bbox 396 2600 765 2666; x_wconf 86' lang='lat' dir='ltr'>dialecticen</span> <span class='ocrx_word' id='word_1_183' title='bbox 823 2602 1001 2666; x_wconf 91' lang='lat' dir='ltr'>iuuat</span> <span class='ocrx_word' id='word_1_184' title='bbox 1061 2620 1336 2669; x_wconf 84' lang='lat' dir='ltr'>exercere</span> <span class='ocrx_word' id='word_1_185' title='bbox 1399 2602 1791 2667; x_wconf 87' lang='lat' dir='ltr'>conuincant.</span> <span class='ocrx_word' id='word_1_186' title='bbox 1846 2604 1898 2667; x_wconf 90' lang='lat' dir='ltr'>si</span> <span class='ocrx_word' id='word_1_187' title='bbox 1942 2603 2163 2668; x_wconf 90' lang='lat' dir='ltr'>horum</span> <span class='ocrx_word' id='word_1_188' title='bbox 2210 2600 2372 2667; x_wconf 88' lang='lat' dir='ltr'>nihil</span> <span class='ocrx_word' id='word_1_189' title='bbox 2418 2605 2533 2680; x_wconf 87' lang='lat' dir='ltr'>est,</span> 
     </span>
     <span class='ocr_line' id='line_1_22' title="bbox 275 2704 2537 2790; baseline 0 -21"><span class='ocrx_word' id='word_1_190' title='bbox 275 2704 487 2769; x_wconf 84' lang='lat' dir='ltr'>saltim</span> <span class='ocrx_word' id='word_1_191' title='bbox 537 2705 878 2771; x_wconf 85' lang='lat' dir='ltr'>sententiae</span> <span class='ocrx_word' id='word_1_192' title='bbox 922 2705 1265 2770; x_wconf 89' lang='lat' dir='ltr'>concedant</span> <span class='ocrx_word' id='word_1_193' title='bbox 1310 2722 1475 2785; x_wconf 90' lang='lat' dir='ltr'>suae,</span> <span class='ocrx_word' id='word_1_194' title='bbox 1508 2707 1723 2789; x_wconf 84' lang='lat' dir='ltr'>utqui</span> <span class='ocrx_word' id='word_1_195' title='bbox 1766 2707 1833 2771; x_wconf 92' lang='lat' dir='ltr'>in</span> <span class='ocrx_word' id='word_1_196' title='bbox 1880 2726 1943 2773; x_wconf 93' lang='lat' dir='ltr'>se</span> <span class='ocrx_word' id='word_1_197' title='bbox 1987 2704 2335 2790; x_wconf 91' lang='lat' dir='ltr'>incorporei</span> <span class='ocrx_word' id='word_1_198' title='bbox 2389 2708 2537 2770; x_wconf 90' lang='lat' dir='ltr'>sunt</span> 
     </span>
     <span class='ocr_line' id='line_1_23' title="bbox 276 2807 2533 2895; baseline 0 -23"><span class='ocrx_word' id='word_1_199' title='bbox 276 2825 400 2872; x_wconf 92' lang='lat' dir='ltr'>non</span> <span class='ocrx_word' id='word_1_200' title='bbox 463 2807 636 2875; x_wconf 82' lang='lat' dir='ltr'>extra</span> <span class='ocrx_word' id='word_1_201' title='bbox 680 2825 744 2872; x_wconf 90' lang='lat' dir='ltr'>se</span> <span class='ocrx_word' id='word_1_202' title='bbox 791 2825 1108 2891; x_wconf 86' lang='lat' dir='ltr'>corporeos</span> <span class='ocrx_word' id='word_1_203' title='bbox 1153 2826 1218 2872; x_wconf 91' lang='lat' dir='ltr'>se</span> <span class='ocrx_word' id='word_1_204' title='bbox 1265 2827 1391 2874; x_wconf 90' lang='lat' dir='ltr'>esse</span> <span class='ocrx_word' id='word_1_205' title='bbox 1452 2807 1730 2887; x_wconf 87' lang='lat' dir='ltr'>credant,</span> <span class='ocrx_word' id='word_1_206' title='bbox 1806 2809 1955 2895; x_wconf 92' lang='lat' dir='ltr'>quia</span> <span class='ocrx_word' id='word_1_207' title='bbox 2012 2808 2181 2873; x_wconf 90' lang='lat' dir='ltr'>aliud</span> <span class='ocrx_word' id='word_1_208' title='bbox 2242 2812 2417 2874; x_wconf 83' lang='lat' dir='ltr'>extra</span> <span class='ocrx_word' id='word_1_209' title='bbox 2468 2828 2533 2873; x_wconf 90' lang='lat' dir='ltr'>se</span> 
     </span>
     <span class='ocr_line' id='line_1_24' title="bbox 279 2910 2532 2995; baseline 0.001 -21"><span class='ocrx_word' id='word_1_210' title='bbox 279 2928 411 2975; x_wconf 88' lang='lat' dir='ltr'>esse</span> <span class='ocrx_word' id='word_1_211' title='bbox 470 2928 593 2975; x_wconf 92' lang='lat' dir='ltr'>non</span> <span class='ocrx_word' id='word_1_212' title='bbox 652 2914 859 2994; x_wconf 88' lang='lat' dir='ltr'>potest</span> <span class='ocrx_word' id='word_1_213' title='bbox 917 2911 1023 2994; x_wconf 91' lang='lat' dir='ltr'>qui</span> <span class='ocrx_word' id='word_1_214' title='bbox 1091 2912 1265 2978; x_wconf 86' lang='lat' dir='ltr'>extra</span> <span class='ocrx_word' id='word_1_215' title='bbox 1309 2929 1376 2975; x_wconf 90' lang='lat' dir='ltr'>se</span> <span class='ocrx_word' id='word_1_216' title='bbox 1418 2910 1577 2977; x_wconf 85' lang='lat' dir='ltr'>nihil</span> <span class='ocrx_word' id='word_1_217' title='bbox 1623 2930 1754 2976; x_wconf 88' lang='lat' dir='ltr'>esse</span> <span class='ocrx_word' id='word_1_218' title='bbox 1799 2913 2037 2995; x_wconf 78' lang='lat' dir='ltr'>potest..</span> <span class='ocrx_word' id='word_1_219' title='bbox 2101 2912 2358 2995; x_wconf 86' lang='lat' dir='ltr'>proinde</span> <span class='ocrx_word' id='word_1_220' title='bbox 2402 2914 2532 2978; x_wconf 91' lang='lat' dir='ltr'>ani-</span> 
     </span>
     <span class='ocr_line' id='line_1_25' title="bbox 277 3013 2539 3099; baseline 0.001 -22"><span class='ocrx_word' id='word_1_221' title='bbox 277 3031 436 3093; x_wconf 83' lang='lat' dir='ltr'>mus,</span> <span class='ocrx_word' id='word_1_222' title='bbox 482 3013 590 3097; x_wconf 91' lang='lat' dir='ltr'>qui</span> <span class='ocrx_word' id='word_1_223' title='bbox 634 3013 701 3079; x_wconf 93' lang='lat' dir='ltr'>in</span> <span class='ocrx_word' id='word_1_224' title='bbox 745 3032 812 3079; x_wconf 88' lang='lat' dir='ltr'>se</span> <span class='ocrx_word' id='word_1_225' title='bbox 856 3013 989 3098; x_wconf 90' lang='lat' dir='ltr'>ipso</span> <span class='ocrx_word' id='word_1_226' title='bbox 1034 3015 1430 3099; x_wconf 87' lang='lat' dir='ltr'>incorporeus</span> <span class='ocrx_word' id='word_1_227' title='bbox 1477 3015 1593 3093; x_wconf 88' lang='lat' dir='ltr'>est,</span> <span class='ocrx_word' id='word_1_228' title='bbox 1654 3033 2045 3099; x_wconf 87' lang='lat' dir='ltr'>nequaquam</span> <span class='ocrx_word' id='word_1_229' title='bbox 2103 3017 2313 3099; x_wconf 90' lang='lat' dir='ltr'>potest</span> <span class='ocrx_word' id='word_1_230' title='bbox 2364 3017 2539 3081; x_wconf 82' lang='lat' dir='ltr'>extra</span> 
     </span>
     <span class='ocr_line' id='line_1_26' title="bbox 198 3118 2533 3201; baseline 0 -18"><span class='ocrx_word' id='word_1_231' title='bbox 198 3143 258 3183; x_wconf 75' lang='lat'>25</span> <span class='ocrx_word' id='word_1_232' title='bbox 277 3135 342 3183; x_wconf 88' lang='lat' dir='ltr'>se</span> <span class='ocrx_word' id='word_1_233' title='bbox 386 3136 516 3181; x_wconf 89' lang='lat' dir='ltr'>esse</span> <span class='ocrx_word' id='word_1_234' title='bbox 563 3134 907 3201; x_wconf 88' lang='lat' dir='ltr'>corporeus,</span> <span class='ocrx_word' id='word_1_235' title='bbox 956 3118 1102 3200; x_wconf 87' lang='lat' dir='ltr'>quia</span> <span class='ocrx_word' id='word_1_236' title='bbox 1146 3136 1262 3183; x_wconf 89' lang='lat' dir='ltr'>nec</span> <span class='ocrx_word' id='word_1_237' title='bbox 1307 3120 1524 3184; x_wconf 90' lang='lat' dir='ltr'>auctor</span> <span class='ocrx_word' id='word_1_238' title='bbox 1570 3118 1703 3183; x_wconf 86' lang='lat' dir='ltr'>eius</span> <span class='ocrx_word' id='word_1_239' title='bbox 1748 3119 1917 3184; x_wconf 88' lang='lat' dir='ltr'>aliud</span> <span class='ocrx_word' id='word_1_240' title='bbox 1962 3118 2150 3184; x_wconf 90' lang='lat' dir='ltr'>illum</span> <span class='ocrx_word' id='word_1_241' title='bbox 2194 3118 2371 3184; x_wconf 90' lang='lat' dir='ltr'>nouit</span> <span class='ocrx_word' id='word_1_242' title='bbox 2401 3138 2533 3185; x_wconf 89' lang='lat' dir='ltr'>esse</span> 
     </span>
    </p>
   </div>
   <div class='ocr_carea' id='block_1_4' title="bbox 253 3405 2536 4511">
    <p class='ocr_par' dir='ltr' id='par_1_6' title="bbox 253 3405 2536 4418">
     <span class='ocr_line' id='line_1_27' title="bbox 381 3405 2402 3477; baseline 0.003 -18"><span class='ocrx_word' id='word_1_243' title='bbox 381 3406 408 3459; x_wconf 91' lang='lat'>1</span> <span class='ocrx_word' id='word_1_244' title='bbox 467 3405 558 3459; x_wconf 83' lang='lat' dir='ltr'>sed</span> <span class='ocrx_word' id='word_1_245' title='bbox 609 3410 738 3460; x_wconf 58' lang='lat' dir='ltr'>mate</span> <span class='ocrx_word' id='word_1_246' title='bbox 791 3405 895 3459; x_wconf 91' lang='lat' dir='ltr'>duo</span> <span class='ocrx_word' id='word_1_247' title='bbox 945 3406 1201 3461; x_wconf 70' lang='lat' dir='ltr'>inserunt</span> <span class='ocrx_word' id='word_1_248' title='bbox 1249 3406 1595 3463; x_wconf 81' lang='lat' dir='ltr'><strong><em>ABDEFR</em></strong></span> <span class='ocrx_word' id='word_1_249' title='bbox 1630 3406 1749 3463; x_wconf 64' lang='grc' dir='ltr'>θοὴ.</span> <span class='ocrx_word' id='word_1_250' title='bbox 2004 3406 2294 3477; x_wconf 82' lang='lat' dir='ltr'>indagante</span> <span class='ocrx_word' id='word_1_251' title='bbox 2356 3409 2402 3465; x_wconf 79' lang='lat'><em>0</em></span> 
     </span>
     <span class='ocr_line' id='line_1_28' title="bbox 275 3490 2533 3563; baseline 0.004 -20"><span class='ocrx_word' id='word_1_252' title='bbox 275 3492 310 3544; x_wconf 81' lang='lat'><strong>3</strong></span> <span class='ocrx_word' id='word_1_253' title='bbox 365 3491 479 3560; x_wconf 87' lang='lat' dir='ltr'>ipse</span> <span class='ocrx_word' id='word_1_254' title='bbox 529 3490 804 3556; x_wconf 71' lang='lat' dir='ltr'><strong><em>ABE‘R,</em></strong></span> <span class='ocrx_word' id='word_1_255' title='bbox 868 3506 966 3545; x_wconf 87' lang='lat' dir='ltr'>om.</span> <span class='ocrx_word' id='word_1_256' title='bbox 1023 3491 1198 3546; x_wconf 84' lang='lat' dir='ltr'>DEF</span> <span class='ocrx_word' id='word_1_257' title='bbox 1400 3493 1662 3548; x_wconf 88' lang='lat' dir='ltr'>ueraciter</span> <span class='ocrx_word' id='word_1_258' title='bbox 1711 3494 1776 3548; x_wconf 92' lang='lat' dir='ltr'>de</span> <span class='ocrx_word' id='word_1_259' title='bbox 1820 3510 1875 3547; x_wconf 90' lang='lat' dir='ltr'>se</span> <span class='ocrx_word' id='word_1_260' title='bbox 1919 3494 2036 3563; x_wconf 87' lang='lat' dir='ltr'>ipsa</span> <span class='ocrx_word' id='word_1_261' title='bbox 2089 3494 2136 3549; x_wconf 73' lang='lat' dir='ltr'><strong><em>S</em></strong></span> <span class='ocrx_word' id='word_1_262' title='bbox 2336 3497 2371 3551; x_wconf 87' lang='lat'>5</span> <span class='ocrx_word' id='word_1_263' title='bbox 2423 3497 2533 3552; x_wconf 67' lang='lat' dir='ltr'>istu</span> 
     </span>
     <span class='ocr_line' id='line_1_29' title="bbox 276 3576 2536 3651; baseline 0.004 -22"><span class='ocrx_word' id='word_1_264' title='bbox 276 3577 330 3629; x_wconf 78' lang='lat' dir='ltr'><strong><em>A</em></strong></span> <span class='ocrx_word' id='word_1_265' title='bbox 536 3578 570 3631; x_wconf 88' lang='grc'><strong>6</strong></span> <span class='ocrx_word' id='word_1_266' title='bbox 616 3576 765 3630; x_wconf 87' lang='lat' dir='ltr'>istud</span> <span class='ocrx_word' id='word_1_267' title='bbox 800 3576 877 3631; x_wconf 82' lang='lat' dir='ltr'><em>M</em></span> <span class='ocrx_word' id='word_1_268' title='bbox 885 3577 945 3644; x_wconf 87' lang='lat' dir='ltr'>b,</span> <span class='ocrx_word' id='word_1_269' title='bbox 982 3578 1158 3647; x_wconf 87' lang='lat' dir='ltr'>ipsum</span> <span class='ocrx_word' id='word_1_270' title='bbox 1194 3579 1308 3632; x_wconf 78' lang='lat' dir='ltr'>rell.</span> <span class='ocrx_word' id='word_1_271' title='bbox 1345 3584 1401 3633; x_wconf 83' lang='lat' dir='ltr'>et</span> <span class='ocrx_word' id='word_1_272' title='bbox 1435 3578 1554 3633; x_wconf 67' lang='grc' dir='ltr'>Βοὴ.</span> <span class='ocrx_word' id='word_1_273' title='bbox 1763 3580 2016 3649; x_wconf 87' lang='lat' dir='ltr'>cognouit</span> <span class='ocrx_word' id='word_1_274' title='bbox 2059 3580 2135 3645; x_wconf 90' lang='lat' dir='ltr'>L,</span> <span class='ocrx_word' id='word_1_275' title='bbox 2196 3597 2257 3635; x_wconf 87' lang='lat' dir='ltr'>ea</span> <span class='ocrx_word' id='word_1_276' title='bbox 2291 3583 2536 3651; x_wconf 84' lang='lat' dir='ltr'>agnoscit</span> 
     </span>
     <span class='ocr_line' id='line_1_30' title="bbox 273 3662 2397 3737; baseline 0.002 -20"><span class='ocrx_word' id='word_1_277' title='bbox 273 3662 546 3717; x_wconf 78' lang='lat' dir='ltr'>Barthius</span> <span class='ocrx_word' id='word_1_278' title='bbox 750 3663 781 3715; x_wconf 84' lang='lat'><strong>7</strong></span> <span class='ocrx_word' id='word_1_279' title='bbox 825 3664 928 3717; x_wconf 91' lang='lat' dir='ltr'>duo</span> <span class='ocrx_word' id='word_1_280' title='bbox 966 3664 1182 3732; x_wconf 86' lang='lat' dir='ltr'>quidem</span> <span class='ocrx_word' id='word_1_281' title='bbox 1222 3664 1372 3731; x_wconf 63' lang='lat' dir='ltr'><em>Seth,</em></span> <span class='ocrx_word' id='word_1_282' title='bbox 1430 3664 1532 3719; x_wconf 90' lang='lat' dir='ltr'>duo</span> <span class='ocrx_word' id='word_1_283' title='bbox 1567 3681 1727 3733; x_wconf 86' lang='lat' dir='ltr'>quem</span> <span class='ocrx_word' id='word_1_284' title='bbox 1762 3665 1818 3721; x_wconf 87' lang='lat' dir='ltr'><em>R</em></span> <span class='ocrx_word' id='word_1_285' title='bbox 2023 3667 2058 3720; x_wconf 88' lang='lat'>8</span> <span class='ocrx_word' id='word_1_286' title='bbox 2093 3667 2169 3736; x_wconf 88' lang='lat' dir='ltr'>et]</span> <span class='ocrx_word' id='word_1_287' title='bbox 2207 3667 2305 3737; x_wconf 70' lang='lat' dir='ltr'>hec</span> <span class='ocrx_word' id='word_1_288' title='bbox 2344 3668 2397 3723; x_wconf 75' lang='lat' dir='ltr'><strong><em>G</em></strong></span> 
     </span>
     <span class='ocr_line' id='line_1_31' title="bbox 273 3748 2533 3819; baseline 0.004 -18"><span class='ocrx_word' id='word_1_289' title='bbox 273 3748 380 3801; x_wconf 86' lang='lat' dir='ltr'>sibi</span> <span class='ocrx_word' id='word_1_290' title='bbox 417 3761 795 3818; x_wconf 85' lang='lat' dir='ltr'>usquequaque</span> <span class='ocrx_word' id='word_1_291' title='bbox 830 3748 877 3803; x_wconf 76' lang='lat' dir='ltr'><strong><em>S</em></strong></span> <span class='ocrx_word' id='word_1_292' title='bbox 1081 3750 1154 3819; x_wconf 84' lang='lat' dir='ltr'>et]</span> <span class='ocrx_word' id='word_1_293' title='bbox 1192 3749 1289 3803; x_wconf 89' lang='lat' dir='ltr'>hec</span> <span class='ocrx_word' id='word_1_294' title='bbox 1324 3748 1379 3803; x_wconf 90' lang='grc' dir='ltr'><strong><em>Β</em></strong></span> <span class='ocrx_word' id='word_1_295' title='bbox 1587 3752 1648 3805; x_wconf 94' lang='grc'>11</span> <span class='ocrx_word' id='word_1_296' title='bbox 1684 3752 1827 3805; x_wconf 86' lang='lat' dir='ltr'>istuc</span> <span class='ocrx_word' id='word_1_297' title='bbox 1859 3751 2042 3819; x_wconf 75' lang='grc' dir='ltr'><strong><em>ΔΒΓ,</em></strong></span> <span class='ocrx_word' id='word_1_298' title='bbox 2101 3753 2264 3807; x_wconf 84' lang='lat' dir='ltr'>istius</span> <span class='ocrx_word' id='word_1_299' title='bbox 2298 3753 2533 3819; x_wconf 83' lang='lat' dir='ltr'><strong><em>HLRS,</em></strong></span> 
     </span>
     <span class='ocr_line' id='line_1_32' title="bbox 270 3833 2535 3907; baseline 0.004 -20"><span class='ocrx_word' id='word_1_300' title='bbox 270 3834 399 3888; x_wconf 84' lang='lat' dir='ltr'>istic</span> <span class='ocrx_word' id='word_1_301' title='bbox 436 3850 503 3889; x_wconf 79' lang='lat' dir='ltr'>ex</span> <span class='ocrx_word' id='word_1_302' title='bbox 536 3834 715 3888; x_wconf 87' lang='lat' dir='ltr'>istunc</span> <span class='ocrx_word' id='word_1_303' title='bbox 747 3833 804 3888; x_wconf 87' lang='lat' dir='ltr'><strong><em>B</em></strong></span> <span class='ocrx_word' id='word_1_304' title='bbox 990 3835 1056 3890; x_wconf 84' lang='lat'>12</span> <span class='ocrx_word' id='word_1_305' title='bbox 1090 3835 1244 3903; x_wconf 89' lang='lat' dir='ltr'>pedes</span> <span class='ocrx_word' id='word_1_306' title='bbox 1279 3835 1519 3891; x_wconf 80' lang='lat' dir='ltr'><em>D²E¹F¹</em></span> <span class='ocrx_word' id='word_1_307' title='bbox 1547 3835 1669 3891; x_wconf 71' lang='grc' dir='ltr'>Βοὴ.</span> <span class='ocrx_word' id='word_1_308' title='bbox 1843 3837 2119 3893; x_wconf 89' lang='lat' dir='ltr'>hominum</span> <span class='ocrx_word' id='word_1_309' title='bbox 2154 3839 2283 3893; x_wconf 70' lang='grc' dir='ltr'>ῖῶνί</span> <span class='ocrx_word' id='word_1_310' title='bbox 2307 3846 2535 3907; x_wconf 76' lang='lat' dir='ltr'>praeter</span> 
     </span>
     <span class='ocr_line' id='line_1_33' title="bbox 278 3919 2397 3993; baseline 0.003 -17"><span class='ocrx_word' id='word_1_311' title='bbox 278 3919 537 3976; x_wconf 75' lang='lat' dir='ltr'><strong><em>0E²GM</em></strong></span> <span class='ocrx_word' id='word_1_312' title='bbox 567 3924 620 3973; x_wconf 81' lang='lat' dir='ltr'>et</span> <span class='ocrx_word' id='word_1_313' title='bbox 656 3919 779 3976; x_wconf 71' lang='grc' dir='ltr'>Βοὴ.</span> <span class='ocrx_word' id='word_1_314' title='bbox 985 3922 1149 3975; x_wconf 86' lang='lat' dir='ltr'>etiam</span> <span class='ocrx_word' id='word_1_315' title='bbox 1195 3937 1296 3976; x_wconf 87' lang='lat' dir='ltr'>om.</span> <span class='ocrx_word' id='word_1_316' title='bbox 1343 3922 1400 3977; x_wconf 81' lang='lat' dir='ltr'><em>R</em></span> <span class='ocrx_word' id='word_1_317' title='bbox 1426 3921 1547 3977; x_wconf 68' lang='grc' dir='ltr'>Βοὴ.</span> <span class='ocrx_word' id='word_1_318' title='bbox 1770 3924 1835 3977; x_wconf 87' lang='grc'>15</span> <span class='ocrx_word' id='word_1_319' title='bbox 1880 3924 2188 3993; x_wconf 88' lang='lat' dir='ltr'>incorporea</span> <span class='ocrx_word' id='word_1_320' title='bbox 2234 3924 2397 3981; x_wconf 82' lang='lat' dir='ltr'>BGR</span> 
     </span>
     <span class='ocr_line' id='line_1_34' title="bbox 275 4004 2402 4075; baseline 0.003 -15"><span class='ocrx_word' id='word_1_321' title='bbox 275 4007 340 4060; x_wconf 82' lang='lat'>17</span> <span class='ocrx_word' id='word_1_322' title='bbox 376 4004 908 4075; x_wconf 81' lang='lat' dir='ltr'>impraesentiharum</span> <span class='ocrx_word' id='word_1_323' title='bbox 955 4005 1000 4060; x_wconf 80' lang='grc' dir='ltr'><em>Ο</em></span> <span class='ocrx_word' id='word_1_324' title='bbox 1177 4007 1398 4061; x_wconf 88' lang='lat' dir='ltr'>concede</span> <span class='ocrx_word' id='word_1_325' title='bbox 1432 4008 1488 4064; x_wconf 87' lang='lat' dir='ltr'><em>R</em></span> <span class='ocrx_word' id='word_1_326' title='bbox 1676 4009 1741 4063; x_wconf 88' lang='lat'>18</span> <span class='ocrx_word' id='word_1_327' title='bbox 1774 4009 1983 4063; x_wconf 86' lang='lat' dir='ltr'>nouerit</span> <span class='ocrx_word' id='word_1_328' title='bbox 2017 4010 2402 4067; x_wconf 80' lang='lat' dir='ltr'><strong><em>ABG&#39;HLRS</em></strong></span> 
     </span>
     <span class='ocr_line' id='line_1_35' title="bbox 273 4088 2533 4160; baseline 0.003 -14"><span class='ocrx_word' id='word_1_329' title='bbox 273 4093 339 4146; x_wconf 82' lang='lat'>19</span> <span class='ocrx_word' id='word_1_330' title='bbox 376 4090 624 4159; x_wconf 67' lang='lat' dir='ltr'>quapiam</span> <span class='ocrx_word' id='word_1_331' title='bbox 663 4088 710 4143; x_wconf 76' lang='lat' dir='ltr'><strong><em>S</em></strong></span> <span class='ocrx_word' id='word_1_332' title='bbox 871 4092 1165 4145; x_wconf 86' lang='lat' dir='ltr'>rationatio</span> <span class='ocrx_word' id='word_1_333' title='bbox 1200 4094 1313 4148; x_wconf 81' lang='lat' dir='ltr'>AG·</span> <span class='ocrx_word' id='word_1_334' title='bbox 1489 4094 1558 4147; x_wconf 88' lang='grc'>20</span> <span class='ocrx_word' id='word_1_335' title='bbox 1593 4094 1749 4148; x_wconf 84' lang='lat' dir='ltr'>iubat</span> <span class='ocrx_word' id='word_1_336' title='bbox 1787 4093 1979 4149; x_wconf 71' lang='lat' dir='ltr'><strong><em>GG¹H</em></strong></span> <span class='ocrx_word' id='word_1_337' title='bbox 1982 4095 2077 4160; x_wconf 70' lang='lat'>¹13,</span> <span class='ocrx_word' id='word_1_338' title='bbox 2140 4096 2325 4150; x_wconf 84' lang='lat' dir='ltr'>iubeat</span> <span class='ocrx_word' id='word_1_339' title='bbox 2358 4098 2533 4153; x_wconf 86' lang='lat' dir='ltr'>ABD</span> 
     </span>
     <span class='ocr_line' id='line_1_36' title="bbox 267 4175 2531 4253; baseline 0.003 -21"><span class='ocrx_word' id='word_1_340' title='bbox 267 4178 411 4232; x_wconf 83' lang='lat' dir='ltr'>E¹F</span> <span class='ocrx_word' id='word_1_341' title='bbox 611 4175 676 4231; x_wconf 87' lang='grc'>21</span> <span class='ocrx_word' id='word_1_342' title='bbox 733 4176 927 4231; x_wconf 87' lang='lat' dir='ltr'>saltem</span> <span class='ocrx_word' id='word_1_343' title='bbox 973 4177 1193 4233; x_wconf 78' lang='lat' dir='ltr'>EFMo</span> <span class='ocrx_word' id='word_1_344' title='bbox 1218 4179 1337 4233; x_wconf 71' lang='grc' dir='ltr'>Βοὴ.</span> <span class='ocrx_word' id='word_1_345' title='bbox 1543 4181 1782 4248; x_wconf 87' lang='lat' dir='ltr'>corporei</span> <span class='ocrx_word' id='word_1_346' title='bbox 1824 4197 1870 4249; x_wconf 76' lang='lat' dir='ltr'>p</span> <span class='ocrx_word' id='word_1_347' title='bbox 2076 4182 2146 4236; x_wconf 92' lang='grc'>22</span> <span class='ocrx_word' id='word_1_348' title='bbox 2198 4184 2531 4253; x_wconf 85' lang='lat' dir='ltr'>incorporeos</span> 
     </span>
     <span class='ocr_line' id='line_1_37' title="bbox 253 4263 2393 4336; baseline 0.004 -20"><span class='ocrx_word' id='word_1_349' title='bbox 253 4265 335 4331; x_wconf 67' lang='lat'>1²²</span> <span class='ocrx_word' id='word_1_350' title='bbox 517 4277 630 4318; x_wconf 85' lang='lat' dir='ltr'>esse</span> <span class='ocrx_word' id='word_1_351' title='bbox 664 4279 719 4319; x_wconf 88' lang='lat' dir='ltr'>se</span> <span class='ocrx_word' id='word_1_352' title='bbox 755 4263 884 4318; x_wconf 76' lang='lat' dir='ltr'>libri</span> <span class='ocrx_word' id='word_1_353' title='bbox 909 4270 1138 4332; x_wconf 77' lang='lat' dir='ltr'>praeter</span> <span class='ocrx_word' id='word_1_354' title='bbox 1177 4264 1303 4321; x_wconf 72' lang='lat' dir='ltr'>GM</span> <span class='ocrx_word' id='word_1_355' title='bbox 1487 4265 1705 4321; x_wconf 84' lang='lat' dir='ltr'>credant</span> <span class='ocrx_word' id='word_1_356' title='bbox 1718 4296 1784 4307; x_wconf 86' lang='lat'>—-—</span> <span class='ocrx_word' id='word_1_357' title='bbox 1796 4267 1892 4336; x_wconf 89' lang='lat' dir='ltr'>qui</span> <span class='ocrx_word' id='word_1_358' title='bbox 1926 4269 2075 4321; x_wconf 83' lang='lat' dir='ltr'>extra</span> <span class='ocrx_word' id='word_1_359' title='bbox 2109 4284 2165 4322; x_wconf 85' lang='lat' dir='ltr'>se</span> <span class='ocrx_word' id='word_1_360' title='bbox 2200 4284 2297 4323; x_wconf 86' lang='lat' dir='ltr'>om.</span> <span class='ocrx_word' id='word_1_361' title='bbox 2340 4269 2393 4323; x_wconf 87' lang='lat' dir='ltr'><strong><em>R</em></strong></span> 
     </span>
     <span class='ocr_line' id='line_1_38' title="bbox 268 4349 558 4418; baseline 0 -15"><span class='ocrx_word' id='word_1_362' title='bbox 268 4350 339 4405; x_wconf 81' lang='lat'>25</span> <span class='ocrx_word' id='word_1_363' title='bbox 377 4349 468 4418; x_wconf 86' lang='lat' dir='ltr'>qui</span> <span class='ocrx_word' id='word_1_364' title='bbox 503 4349 558 4403; x_wconf 88' lang='lat' dir='ltr'><em>B</em></span> 
     </span>
    </p>

    <p class='ocr_par' dir='ltr' id='par_1_7' title="bbox 372 4450 2326 4511">
     <span class='ocr_line' id='line_1_39' title="bbox 372 4450 2326 4511; baseline 0.003 -6"><span class='ocrx_word' id='word_1_365' title='bbox 372 4450 470 4505; x_wconf 84' lang='lat' dir='ltr'>XI.</span> <span class='ocrx_word' id='word_1_366' title='bbox 2262 4457 2326 4511; x_wconf 88' lang='grc'>12</span> 
     </span>
    </p>
   </div>
  </div>
 </body>
</html>
