3175 5050
660 436 746 501 92
1434 431 1807 487 Claudiani
1843 433 2159 487 Mamerti

661 624 1053 707 praeterit
1086 623 1283 689 enim
1312 620 1578 705 figura
1604 624 1835 688 huius
1866 624 2157 689 mundi.
2188 624 2364 689 uides
2385 623 2764 705 etiamquod
2790 642 2948 688 eum

660 726 1107 810 longitudines,
1156 725 1528 791 latitudines
1574 728 1641 791 et
1680 726 2045 791 altitudines
2105 744 2430 807 corporum
2482 726 2644 791 seire
2688 726 2945 791 nullius

661 828 1108 913 propemodum
1153 830 1238 894 sit
1282 829 1602 906 momenti,
1646 828 1802 893 satis
1848 846 1984 894 esse
2031 828 2226 906 aliud,
2276 829 2437 895 unde
2481 828 2635 894 dieit
2679 828 2945 912 aposto·

664 934 764 997 lus
810 938 1090 1014 oportere
1147 949 1262 996 nos
1326 948 1504 997 nosse
1545 931 1737 1013 quid
1780 933 1894 997 sit
1934 930 2297 997 latitudo
2344 932 2420 996 et
2456 932 2941 1014 longitudo,

664 1032 1128 1099 sublimitas
1174 1038 1250 1099 et
1294 1032 1821 1118 profundum?
1889 1034 2041 1117 quid
2086 1036 2253 1099 enim
2295 1033 2456 1099 mihi
2498 1034 2778 1116 pr'oderit
2822 1052 2943 1098 us·-
2982 1056 3011 1097 ⁵

661 1136 836 1219 piam
898 1136 1297 1201 altitudinem
1358 1136 1635 1219 corporei
1699 1136 1853 1203 caeli
1913 1154 2227 1221 quaerere,
2274 1140 2605 1222 planorum
2650 1136 2941 1202 siderum

664 1240 1040 1307 diastemata
1109 1241 1215 1305 uel
1291 1240 1671 1306 circulorum
1740 1240 1874 1305 uias
1948 1240 2051 1305 uel
2123 1240 2515 1323 singulorum
2588 1239 2943 1305 interualla

663 1343 878 1409 rimari
891 1392 907 1421 ,
978 1343 1129 1425 quid
1198 1343 1409 1427 spatia
1472 1344 1673 1409 terrae
1740 1360 2099 1429 cognoscere
2166 1344 2272 1409 uel
2339 1343 2545 1427 abyssi
2621 1342 2943 1427 profunda

662 1450 1030 1531 penetrare?
1095 1466 1218 1515 non
1277 1450 1354 1515 de
1412 1448 1512 1513 his
1569 1467 1691 1530 me,
1752 1448 1827 1513 ut
1884 1465 2041 1527 reor,
2098 1446 2417 1531 apostolus
2474 1446 2942 1513 commonitum

663 1551 885 1631 uoluit,
955 1569 1114 1634 quae
1178 1568 1302 1617 non
1359 1552 1562 1618 solum
1624 1550 1933 1617 laboriosa
1990 1553 2158 1629 sunt,
2218 1550 2326 1615 sed
2386 1550 2578 1615 etiam
2624 1548 2812 1615 noxia
2860 1549 2937 1629 si,
2958 1574 3011 1615 ιο

665 1673 804 1721 eum
873 1674 984 1739 per
1041 1654 1193 1721 haee
1253 1655 1332 1721 ad
1393 1655 1642 1721 aeterna
1699 1672 2063 1738 semperque
2108 1654 2429 1721 manentia
2470 1653 2941 1719 transeundum

662 1758 770 1838 sit,
814 1759 882 1823 in
925 1758 1022 1823 his
1067 1758 1396 1824 haereatur
1442 1763 1631 1841 atque
1676 1761 2089 1825 remaneatur.

750 1878 1088 1945 Reuertere
1153 1897 1322 1944 nune
1389 1882 1576 1963 atque
1642 1880 1887 1945 intuere
1959 1897 2140 1946 omne
2202 1881 2463 1962 longum
2529 1877 2938 1960 longitudine

666 1983 926 2064 longum
969 1981 1126 2059 fieri,
1174 1982 1376 2065 ipsam
1419 2000 1568 2047 uero
1610 1982 2068 2065 longitudinem
2112 1982 2369 2066 longam
2414 1981 2537 2048 diei
2571 1999 2696 2046 non
2728 2000 2937 2063 posse,

665 2087 740 2149 ut
785 2102 965 2150 omne
1034 2086 1273 2151 eastum
1347 2086 1638 2151 castitate
1698 2088 1939 2153 castum
1999 2086 2153 2163 fieri,
2214 2089 2417 2169 ipsam
2476 2103 2624 2151 uero
2686 2088 2938 2151 castam
2956 2109 3005 2150 ιε
3114 2148 3116 2177 ἶ

667 2203 792 2252 non
837 2187 961 2254 diei
1005 2189 1326 2254 ullatenus
1372 2191 1751 2255 castitatem.
1830 2208 1975 2255 eum
2020 2207 2167 2273 ergo
2196 2207 2439 2255 meram
2467 2188 2937 2273 longitudinem

668 2293 1080 2374 contemplari
1127 2292 1302 2380 cupis
1345 2296 1457 2357 aut
1490 2311 1637 2357 eum
1686 2294 1753 2359 in
1784 2293 2103 2377 trigonum
2134 2295 2238 2358 uel
2267 2292 2664 2377 hexagonum
2694 2292 2937 2357 mentis

667 2396 919 2461 oculum
983 2395 1148 2479 figis,
1215 2394 1423 2478 proice
1483 2398 1790 2479 quantum
1850 2397 2027 2462 uales
2084 2414 2158 2462 ae
2242 2395 2457 2478 refuge
2540 2413 2667 2461 non
2724 2396 2939 2461 solum

667 2516 850 2564 omne
915 2517 1302 2583 corporeum,
1371 2501 1478 2565 sed
1546 2498 1849 2583 quidquid
1916 2500 2123 2566 simile
2184 2499 2389 2583 potest
2435 2516 2571 2564 esse
2614 2516 2934 2582 corporeo,

665 2605 733 2666 et
791 2619 936 2668 eum
993 2604 1303 2686 trigonam
1356 2603 1460 2668 uel
1518 2603 1727 2669 tribus
1769 2605 2021 2688 punctis
2066 2622 2139 2668 ae
2184 2603 2387 2667 tribus
2455 2603 2641 2668 lineis
2684 2603 2795 2668 uel
2840 2621 3003 2672 rom

665 2705 930 2770 tundam
973 2709 1204 2787 puncto
1247 2706 1352 2771 uel
1396 2706 1566 2772 linea.
1610 2707 1978 2774 conformari
2023 2705 2495 2790 incorporaliter
2540 2707 2731 2788 atque
2769 2705 2937 2770 inlo-

665 2808 887 2873 caliter
965 2808 1212 2888 uideris,
1299 2810 1432 2874 uim
1517 2828 1761 2892 quoque
1836 2828 1910 2875 ae
1978 2809 2573 2891 supereminentiam
2646 2811 2937 2891 eonspiee

667 2928 1072 2976 numerorum
1151 2913 1219 2977 et
1293 2911 1588 2996 intellege
1659 2912 2023 2978 uniuersum
2102 2930 2463 2995 corporeum
2536 2910 2937 2976 numerabile

667 3031 779 3095 per
841 3031 1130 3080 numeros
1197 3013 1356 3092 fieri,
1414 3016 1580 3096 ipsos
1642 3033 1786 3080 uero
1846 3033 2139 3081 numeros
2200 3034 2319 3082 non
2361 3033 2542 3098 posse
2586 3015 2935 3080 numerari.

667 3133 819 3180 nam
878 3117 1012 3198 quis
1071 3133 1192 3181 non
1257 3115 1458 3182 dicam
1505 3116 1731 3199 eloqui,
1778 3118 1889 3182 sed
1935 3118 2211 3201 cogitare
2256 3118 2443 3201 digne
2489 3118 2721 3197 ualeat,
2770 3117 3001 3200 quoda

667 3234 984 3298 numana,
1031 3237 1174 3285 eum
1219 3237 1290 3284 ex
1336 3237 1456 3284 uno
1502 3220 1566 3284 et
1608 3238 1719 3302 per
1763 3239 1959 3286 unum
2002 3222 2068 3287 et
2110 3222 2179 3287 in
2222 3241 2345 3288 uno
2388 3221 2493 3297 sit,
2555 3220 2938 3303 principium

878 3443 905 3496 1
946 3443 977 3498 I
1010 3442 1128 3498 Cor.
1167 3443 1215 3508 7,
1251 3444 1318 3497 31
1523 3443 1560 3496 4
1595 3443 1789 3511 Ephes.
1826 3444 1876 3509 3,
1917 3444 1983 3499 18

775 3648 807 3701 1
845 3647 988 3701 enim
1023 3663 1123 3704 om.
1157 3647 1288 3702 libri
1319 3653 1543 3716 praeter
1577 3647 1653 3700 M
1684 3652 1737 3702 et
1775 3647 1895 3702 Βοὴ.
2100 3647 2134 3702 2
2182 3649 2237 3702 et
2272 3663 2373 3706 om.
2420 3645 2478 3702 R
2686 3647 2723 3702 3
2764 3648 2939 3701 satius

668 3735 810 3791 coni.
864 3733 1136 3788 Barthius
1477 3732 1627 3787 aliud
1680 3733 1821 3786 unde
1870 3732 2152 3789 DEFMb
2189 3733 2310 3789 Sela.
2324 3773 2337 3799 ‚
2408 3732 2629 3787 aliunde
2678 3734 2801 3789 rell.

663 3822 706 3876 4
755 3822 966 3890 oportet
1013 3835 1056 3889 p
1261 3821 1318 3873 et
1369 3833 1471 3873 om.
1523 3819 1581 3874 R
1806 3819 1839 3872 5
1892 3818 2201 3874 sublimitas
2252 3835 2352 3875 om.
2404 3819 2460 3873 B
2666 3818 2703 3872 6
2756 3819 2943 3888 plane-

669 3910 851 3962 tarum
907 3907 1020 3976 (πεῖ
1072 3905 1374 3974 planorum)
1429 3907 1486 3959 et
1539 3903 1775 3959 siderum
1825 3905 2100 3961 Barthius
2338 3904 2710 3974 διαστήματος
2762 3905 2797 3960 b

671 4029 703 4081 7
739 4001 1022 4082 interualli
1041 3993 1188 4082 rinari
1227 4027 1272 4083 S
1475 4027 1509 4081 9
1554 4029 1939 4082 commoratum
1983 4027 2041 4084 R
2249 4028 2310 4083 11
2359 4044 2456 4098 pro
2499 4027 2547 4082 0
2752 4027 2821 4083 12
2856 4029 2939 4082 in·

670 4115 923 4184 hereatur
968 4113 1136 4168 HLS
1335 4115 1500 4181 atque
1538 4113 1614 4166 M
1642 4114 1895 4181 editores,
1957 4129 2021 4168 ae
2054 4113 2175 4169 rell.
2384 4113 2451 4168 15
2498 4127 2711 4168 omnem
2758 4113 2809 4168 S

669 4201 849 4270 ipsum
884 4199 1135 4254 AH‘LS
1300 4201 1504 4254 castum
1543 4199 1787 4254 AH²LS
1992 4199 2054 4253 17
2091 4213 2388 4267 exagonum
2421 4198 2554 4266 EG,
2615 4213 2937 4268 sexagenum

669 4283 1126 4342 ABOHLMRS
1143 4285 1264 4340 Βοὴ.
1463 4285 1529 4339 18
1563 4285 1806 4356 refugere
1842 4285 1918 4339 M
2102 4286 2167 4339 19
2202 4301 2314 4338 esse
2349 4286 2529 4353 potest
2564 4285 2803 4340 editores

669 4373 737 4426 21
777 4371 1107 4426 conformare
1132 4387 1205 4439 p,
1264 4371 1570 4424 confortare
1602 4371 1671 4439 1⁹²
1873 4369 1943 4424 26
1984 4371 2040 4424 in
2076 4384 2245 4424 unum
2280 4367 2729 4425 ABDE¹FH¹R
