3175 5050
788 485 794 499 .
880 499 882 501 ,
997 442 1088 497 De
1122 443 1316 497 statu
1351 444 1613 497 animae
1654 443 1685 498 I
1723 444 1805 499 15.
2450 443 2539 509 59

269 632 550 717 angelus,
612 634 678 697 et
735 631 950 698 eodem
1009 633 1170 699 dono
1224 636 1486 717 uterque
1529 632 1749 700 beatus
1795 633 1913 699 est.
1989 633 2171 719 ambo
2216 633 2284 699 id
2327 632 2537 719 ipsum

269 736 491 816 eadem
549 734 900 815 uoluntate,
963 738 1180 801 eodem
1237 736 1479 802 scilicet
1541 737 1769 820 spiritu
1829 737 2108 819 cupiunt,
2178 738 2361 803 ambo
2418 738 2538 806 hoc

268 839 439 904 idem
482 838 841 922 incorporea
891 838 1237 921 capacitate
1281 838 1661 922 percipiunt,
1707 840 1773 906 et
1808 839 1884 905 fit
1941 840 2149 924 hom0‚
2182 840 2439 924 angelus
2472 842 2537 907 et

273 941 422 1007 deus
468 960 632 1009 unus
678 941 936 1024 spiritus
979 942 1155 1007 iuxta
1183 940 1536 1024 apostolum
1581 942 1930 1010 dicentem:
1976 944 2109 1028 qui
2152 942 2541 1010 adhaeret

222 1044 617 1130 domino,
674 1062 873 1111 unus
917 1045 1254 1128 spiritus
1306 1049 1447 1112 est.
1523 1062 1652 1111 non
1698 1049 1914 1113 autem
1958 1048 2140 1113 uideo
2186 1065 2307 1131 quo
2352 1048 2539 1128 pacto

270 1167 495 1231 corpus
552 1151 904 1233 incorporeo
967 1151 1416 1232 contemperari
1474 1151 1677 1234 queat,
1741 1155 1815 1216 ut
1874 1170 2036 1217 unus
2096 1152 2353 1235 spiritus
2398 1154 2539 1217 iure

270 1254 535 1319 dicatur.
610 1254 664 1319 si
721 1253 888 1319 enim
955 1271 1176 1339 corpus
1233 1257 1327 1320 est
1374 1254 1607 1334 anima,
1660 1254 2082 1323 inmutabitur
2128 1272 2272 1339 ergo
2320 1273 2537 1339 corpo-

268 1370 466 1433 reum,
532 1356 606 1421 ut
668 1374 797 1423 esse
863 1375 1009 1423 cum
1073 1358 1436 1441 incorporeo
1497 1377 1697 1424 unum
1751 1360 1969 1442 possit,
2044 1360 2232 1443 atque
2296 1358 2391 1424 ita
2457 1357 2538 1423 ad

267 1459 452 1525 fflam
507 1460 816 1527 rationem
871 1463 1218 1529 necessario
1281 1461 1540 1541 reditur,
1613 1480 1739 1546 qua.
1803 1462 2236 1547 incorporeum
2294 1460 2535 1545 aliquid

198 1584 254 1624 ιο
270 1563 464 1629 creari
527 1566 800 1646 potuisse
866 1564 1117 1631 dicitur.
1189 1584 1334 1631 nam
1403 1565 1459 1632 si
1523 1568 1731 1647 potest
1798 1565 2040 1650 aliquid
2113 1583 2186 1629 ex
2252 1580 2541 1648 corporeo

269 1665 700 1748 incorporeum
741 1667 898 1749 fieri,
943 1668 1150 1750 potuit
1203 1673 1265 1734 et
1310 1687 1382 1733 ex
1427 1669 1626 1734 nihilo
1682 1670 1897 1749 creari,
1945 1669 2069 1733 nisi
2100 1667 2261 1735 forte
2291 1667 2541 1732 dicatur

270 1770 668 1837 inmutabilis
711 1773 865 1837 deus
909 1771 1110 1859 ueluti
1153 1762 1598 1854 corporascere,
1655 1774 1727 1837 ut
1771 1790 1973 1837 unum
2000 1771 2201 1855 possit
2230 1788 2363 1836 esse
2394 1786 2539 1834 cum

271 1890 545 1958 corpore.
615 1873 722 1941 sed
777 1876 894 1941 hoc
949 1875 1336 1960 perditorum
1394 1877 1833 1960 quorumpiam
1889 1876 2043 1942 fides
2096 1874 2342 1954 habeat,
2389 1871 2541 1955 quia.

271 1975 329 2040 si
383 1976 488 2043 uel
545 1980 766 2063 angelo
828 1979 933 2049 uel
991 1978 1232 2044 homini
1287 1979 1623 2046 adhaerere
1668 1980 1781 2047 deo
1838 1979 2074 2045 bonum
2127 1980 2245 2053 est,
2290 1993 2417 2042 non
2460 1972 2540 2040 ad

203 2098 256 2140 ιε
271 2079 616 2145 creaturam
673 2080 1150 2148 deteriorabitur
1206 2083 1446 2148 creator
1489 2082 2040 2166 incommutabilis,
2086 2082 2193 2147 sed
2236 2077 2316 2145 ad
2360 2095 2537 2144 crea·

271 2184 475 2247 torem
517 2184 844 2251 mutabilis
890 2188 1174 2252 creatura
1216 2186 1515 2268 proficiet,
1589 2188 1756 2253 unde
1790 2186 1859 2251 in
1889 2184 2213 2271 euangelio
2245 2183 2539 2249 dominus

272 2284 460 2353 dicitz
519 2288 768 2369 pater,
828 2288 998 2354 sint
1056 2290 1202 2355 isti
1256 2290 1340 2355 iu
1399 2290 1621 2356 nobis
1678 2309 1949 2367 unum,
2010 2288 2223 2355 sicut
2272 2289 2351 2351 et
2396 2302 2540 2351 nos

272 2407 434 2455 sum
451 2409 536 2456 us
579 2408 678 2454 un
695 2410 836 2457 um.

1331 2611 1487 2696 XV.

202 2787 258 2830 20
274 2779 465 2842 QVOD
509 2779 870 2830 CORPOREA
915 2782 1137 2832 OMNIA
1193 2783 1672 2833 ADIVNOTIONE
1732 2785 1841 2834 SVI
1884 2782 2151 2831 MAIORA
2195 2781 2408 2832 FJANT
2451 2783 2542 2830 m

271 2883 511 2932 MVLTA
555 2885 750 2945 QVAM
792 2885 1042 2948 PAch‚
1088 2885 1528 2936 INOORPOREA
1571 2887 1755 2936 VERO
1801 2887 2023 2937 OMNIA
2058 2887 2194 2934 NEC
2223 2885 2540 2935 AVGEAN-

554 2989 690 3036 TVB
733 2990 811 3038 IN
851 2989 1124 3052 MVLTIS,
1169 2991 1306 3038 NEC
1357 2990 1770 3041 MINVANTVR
1812 2992 1887 3039 IN
1933 2989 2259 3040 SINGVLIS.

362 3105 497 3173 Nec
553 3126 703 3173 uero
765 3109 936 3174 credi
993 3109 1143 3175 licet
1201 3128 1584 3194 quorumque
1648 3110 2149 3176 coniunctionem
2215 3125 2541 3196 corporum

277 3211 586 3276 unitatem
615 3210 916 3278 trinitatis
966 3210 1203 3277 imitari
1249 3215 1359 3277 aut
1403 3213 1606 3280 eidem
1652 3212 2180 3279 inconfusibiliter
2208 3229 2389 3294 posse
2417 3210 2542 3275 mi-

207 3339 262 3382 25
280 3314 460 3380 sceri.
508 3318 686 3399 patet
733 3316 902 3380 enim
945 3314 1185 3396 liquido
1230 3315 1551 3399 quodlibet
1594 3334 1788 3383 unum
1819 3332 2041 3398 corpus
2069 3314 2237 3398 paris
2268 3315 2543 3398 corporis

483 3501 521 3555 4
565 3501 596 3556 1
631 3500 750 3557 Cor.
783 3500 834 3568 6,
874 3500 940 3557 17
1150 3501 1215 3555 17
1261 3501 1447 3556 Ioann.
1485 3501 1568 3567 17,
1606 3501 1674 3554 22

385 3671 414 3725 1
465 3669 601 3726 dono
647 3673 787 3739 Mb,
845 3673 989 3729 bono
1033 3673 1151 3730 rell.
1367 3674 1402 3728 2
1453 3673 1670 3726 eandem
1716 3673 1859 3728 ΑΗι
2076 3673 2299 3742 capiunt
2336 3673 2406 3739 19²

279 3756 316 3810 5
359 3756 457 3810 deo
504 3756 741 3813 editores
946 3761 978 3814 7
1026 3759 1074 3815 si
1109 3759 1276 3828 enim]
1321 3759 1407 3813 sin
1443 3763 1512 3828 1³²
1719 3761 2039 3830 corporeum]
2078 3761 2136 3814 in
2172 3760 2544 3826 incorporeum

286 3842 340 3898 G
527 3843 561 3896 9
596 3843 725 3913 quia.
768 3844 1021 3913 GGMR‚
1077 3845 1217 3914 quod
1253 3845 1286 3899 b
1473 3845 1682 3915 aliquid
1715 3845 1853 3911 Mb,
1906 3861 2007 3900 om.
2042 3845 2161 3900 rell.
2198 3850 2249 3899 et
2284 3843 2405 3899 Βοὴ.

284 3929 347 3983 11
403 3928 710 3997 incorporeo
764 3928 924 3982 B¹H²
1165 3932 1222 3985 et
1273 3946 1376 3986 om.
1430 3930 1502 3985 M
1511 3931 1542 3986 b
1808 3931 1875 3986 12
1926 3928 2387 3986 incommutabilis
2441 3928 2553 3982 PT

283 4013 407 4071 Sel».
613 4014 806 4084 ueluti]
861 4023 892 4069 ὃ
943 4015 1071 4071 add.
1128 4017 1208 4082 G,
1265 4017 1446 4071 uoluit
1496 4017 1551 4071 A
1760 4018 1827 4072 13
1879 4017 2032 4086 quasi
2084 4017 2140 4071 B
2350 4013 2417 4068 14
2452 4013 2545 4068 do-

280 4117 416 4156 num
467 4101 607 4157 coni.
659 4100 937 4156 Bmhiuc
1188 4104 1256 4160 15
1307 4103 1648 4158 inmutabilis
1701 4103 1812 4160 Mb
2065 4103 2130 4157 16
2182 4095 2443 4172 proficiat
2480 4101 2553 4155 H

282 4203 405 4259 138¹
589 4191 856 4274 euuangTo
893 4203 942 4259 S
1125 4205 1194 4260 23
1229 4205 1383 4260 credo
1418 4207 1500 4272 A,
1557 4222 1660 4261 om.
1696 4205 1864 4260 ΗΕΒ
2044 4204 2423 4260 coniunccione
2457 4204 2549 4272 M,

283 4290 660 4345 coniunctione
696 4289 728 4345 b
754 4290 1030 4346 Bamthiuc
1201 4291 1272 4346 24
1304 4291 1517 4346 initiari
1553 4291 1691 4347 coni.
1726 4290 1997 4347 Bar-thius
2170 4291 2312 4346 idem
2336 4293 2407 4360 Ρ*

284 4378 352 4433 25
387 4379 507 4448 pari
545 4378 598 4434 a
