3175 5050
657 397 779 464 168
1421 393 1789 451 Claudiani
1824 393 2145 449 Mamerti

652 585 747 652 ad
798 586 1200 650 tormenta
1260 584 1643 665 portabit,
1709 588 2033 665 tamquam
2088 585 2335 666 egomet
2380 583 2554 650 istud
2614 601 2902 666 umquam

649 688 976 772 uspiamue
1043 686 1327 752 dixerim.
1399 686 1508 751 sed
1574 704 1696 751 non
1762 685 1998 751 infitias
2066 703 2136 751 eo
2189 686 2494 765 debitum,
2568 687 2730 769 quod
2794 687 2903 751 hoc

565 793 570 800 '
647 792 1015 877 argumento
1060 788 1394 856 uictoriam
1446 789 1622 855 nobis
1678 807 1801 856 non
1858 791 2077 872 sponte
2121 789 2424 855 tribuisti.
2498 808 2722 871 nempe
2768 807 2905 854 cum

648 894 826 973 dicis,
874 893 1039 976 quod
1083 893 1364 959 diabolus
1407 912 1534 959 non
1577 892 1851 959 alienum
1898 911 2117 977 corpus
2146 893 2228 958 ad
2262 895 2580 959 tormenta
2609 892 2901 977 portabit,

651 999 865 1064 fateris
931 997 1193 1071 scilicet,
1261 997 1424 1078 quod
1488 997 1769 1079 portabit
1834 1016 2038 1065 suum.
2117 1015 2258 1063 mea
2311 1015 2460 1062 uero
2516 1015 2641 1062 non
2697 995 2901 1070 refert,
2936 1015 2957 1054 ⁵

650 1120 916 1167 suumne
961 1101 1315 1166 alienumne
1359 1117 1582 1182 corpus
1625 1101 1871 1175 habeat,
1914 1104 2021 1167 sed
2065 1101 2375 1167 habeatne
2412 1119 2653 1182 corpus,
2698 1099 2772 1166 id
2811 1119 2903 1164 re-

649 1205 770 1270 fert
827 1223 984 1270 mea.
1063 1207 1135 1267 tu
1190 1221 1342 1269 uero
1398 1204 1719 1270 diabolum
1761 1222 1886 1268 non
1931 1207 2185 1270 tantum
2230 1203 2463 1268 habere
2508 1222 2753 1286 corpus,
2804 1203 2904 1267 sed

649 1309 971 1391 proprium
1029 1306 1258 1372 habere
1320 1324 1435 1372 nec
1485 1307 1703 1372 fateris
1748 1306 1973 1384 solum,
2040 1307 2149 1372 sed
2194 1307 2387 1372 etiam
2431 1305 2903 1390 argumentaris.

649 1413 801 1478 haec
846 1415 1072 1495 quippe
1115 1410 1426 1477 sententia
1468 1412 1581 1476 tua
1624 1412 1751 1476 est:
1794 1410 1851 1475 si
1880 1431 1955 1476 ex
1980 1412 2099 1476 hoc
2140 1411 2427 1477 concreto
2458 1428 2599 1476 aere
2628 1409 2904 1475 diabolus

651 1532 872 1598 corpus
916 1515 1128 1596 traxit,
1177 1533 1320 1600 ergo
1365 1513 1640 1580 alienum
1688 1533 1911 1598 corpus
1945 1517 2022 1580 ad
2052 1517 2367 1581 tormenta
2396 1515 2695 1597 portabit.
2748 1516 2957 1579 certem

651 1621 758 1700 qui
812 1618 1022 1701 portat
1069 1618 1166 1682 est
1209 1616 1448 1699 aliquid
1492 1621 1556 1682 et
1613 1616 1777 1700 quod
1820 1619 2108 1700 portatur
2164 1623 2258 1684 est
2318 1618 2575 1700 aliquid.
2653 1620 2721 1682 et
2776 1635 2905 1681 cum

650 1720 904 1800 dicitur,
973 1721 1184 1805 portat
1253 1739 1455 1799 suum,
1515 1720 1689 1786 aliud
1748 1723 1855 1802 qui
1908 1721 2122 1804 portat
2176 1722 2239 1786 et
2294 1721 2469 1786 aliud
2520 1719 2901 1804 significatur

649 1843 780 1889 esse
841 1827 1003 1908 quod
1062 1827 1291 1908 portat.
1367 1845 1440 1890 ex
1490 1821 1729 1909 duplici
1770 1825 1969 1910 igitur
2013 1825 2299 1890 diabolus
2346 1844 2419 1890 ac
2463 1825 2715 1890 diuersa
2762 1823 2901 1888 sub-

648 1927 890 1992 stantia
933 1929 1044 2006 est,
1093 1930 1238 2010 quia
1283 1944 1426 1993 cum
1472 1945 1693 2010 corpus
1753 1947 1938 1993 suum
1981 1931 2211 2012 portat,
2259 1947 2383 1993 non
2428 1932 2525 1993 est
2568 1927 2701 2009 ipse
2752 1928 2903 2009 quod

647 2032 876 2114 portat.
953 2030 1124 2095 aliud
1168 2030 1396 2114 quippe
1441 2033 1538 2095 est
1581 2049 1737 2096 onus
1782 2031 1848 2095 et
1890 2031 2158 2113 portitor
2204 2031 2392 2099 aliud.
2466 2031 2759 2112 quocirca
2792 2048 2903 2096 non
2920 2047 2957 2087 ιε»

651 2135 823 2197 ultra
868 2133 1261 2199 obluctabere
1306 2133 1514 2212 nobie,
1559 2137 1612 2200 si
1660 2136 1877 2200 credas
1922 2136 2060 2212 tibi,
2110 2135 2403 2218 quoniam
2453 2153 2675 2216 corpus
2712 2135 2781 2198 et
2809 2133 2905 2216 qui

648 2237 841 2302 habet
911 2255 1129 2320 corpus
1197 2238 1701 2304 substantialiter
1756 2241 1875 2304 duo
1928 2242 2073 2303 sunt
2128 2243 2192 2302 et
2252 2238 2408 2304 haec
2466 2239 2590 2304 duo
2658 2236 2902 2302 diuersa

651 2342 818 2426 sunt,
893 2343 1082 2423 atque
1124 2343 1201 2407 ut
1243 2343 1492 2406 diuersa
1535 2341 1685 2425 sint,
1732 2361 1929 2407 unum
1973 2344 2091 2407 erit
2139 2343 2571 2424 incorporeum
2617 2340 2903 2422 aliudque

649 2463 1034 2527 corporeum.
1106 2445 1304 2530 igitur
1370 2445 1651 2512 diabolus
1710 2465 1781 2510 ex
1839 2445 2079 2530 duplici
2133 2444 2501 2529 ‚diuersaque
2556 2443 2905 2510 substantia

648 2555 712 2612 et
755 2567 1076 2630 corporeus
1122 2554 1216 2615 est
1261 2553 1326 2615 et
1371 2550 1791 2633 incorporeus,
2916 2568 2955 2607 ιο

1665 2751 1895 2835 VIIII.

647 2926 837 2985 QVOD
883 2926 1356 2974 SPIRITALITER
1397 2926 1540 2975 NON
1586 2926 2111 2974 CORPORALITER
2154 2925 2754 2975 INTELLEGENDVM
2790 2922 2901 2977 SIT,

647 3010 792 3059 CVM
834 3011 1139 3059 LAzARVS
1183 3013 1259 3059 IN
1305 3010 1462 3059 SINV
1507 3012 1833 3060 ABRAHAE
1878 3013 1965 3059 ET
2010 3012 2215 3060 DIVES
2248 3012 2325 3059 IN
2348 3011 2657 3061 INFERNO
2690 3008 2902 3059 GHAOS

1093 3098 1546 3165 INTERPOSITO
1591 3096 1884 3146 INVIGEM
1934 3098 2462 3156 LOQVERENTVR.

735 3216 854 3283 Sed
898 3218 952 3282 si
995 3236 1182 3299 super
1225 3218 1326 3282 his
1371 3217 1801 3282 redhibuimus
1846 3217 1949 3281 uel
1993 3216 2207 3302 aliqua
2252 3236 2325 3283 ex
2352 3221 2531 3301 parte
2575 3217 2955 3307 rationem‚2⁵

645 3320 808 3386 illud
853 3320 1056 3401 chace,
1105 3322 1268 3403 quod
1311 3323 1476 3387 inter
1521 3322 1734 3385 sontes
1778 3319 2180 3403 innoxiasque
2219 3322 2481 3405 animas,
2526 3322 2690 3387 sicut
2722 3338 2899 3403 argu·

753 3544 780 3597 1
809 3543 1054 3610 portauit
1077 3542 1153 3599 Μ
1172 3542 1409 3599 editores
1425 3548 1652 3612 praeter
1668 3546 1739 3612 1⁰²
1922 3546 2042 3598 stuc
2066 3543 2134 3597 H
2314 3544 2349 3595 2
2372 3544 2690 3613 uspiamque
2708 3545 2779 3611 1⁹²

647 3628 830 3683 debito
877 3629 951 3682 M
959 3630 1016 3695 b,
1077 3628 1237 3683 debui
1283 3631 1424 3684 coni.
1474 3630 1773 3697 Barthius,
1831 3632 1886 3683 te
1904 3629 2096 3683 ·inuito
2132 3630 2425 3684 Hartelius
2631 3643 2736 3697 quo
2784 3625 2902 3687 Mb,

647 3716 832 3785 itaque
869 3714 1139 3770 Barthius
1343 3717 1378 3769 3
1420 3718 1791 3785 argumentata
1830 3719 1884 3770 A
2087 3716 2124 3769 4
2158 3716 2399 3784 portauit
2432 3722 2667 3784 utroque
2701 3714 2816 3769 loeo
2846 3710 2911 3765 M

645 3808 702 3857 et
737 3802 970 3857 editores
995 3807 1224 3871 praeter
1252 3804 1320 3872 1⁰²
1513 3804 1548 3857 6
1585 3819 1741 3857 suum
1774 3819 1871 3857 nec
1906 3802 2322 3859 ABOH¹MRb
2512 3802 2753 3855 alienum
2788 3798 2859 3853 M
2861 3798 2902 3863 b,

586 3898 594 3905 ·
648 3888 954 3943 alienumue
992 3888 1115 3943 Βοὴ.
1306 3888 1597 3943 habeatnec
1631 3890 1739 3944 Mb
1928 3890 1964 3944 8
1996 3906 2067 3943 ne
2102 3890 2211 3943 AB
2400 3888 2435 3941 9
2470 3890 2571 3942 tua.
2604 3904 2705 3943 om.
2735 3904 2779 3957 p

650 3975 718 4029 10
768 3975 942 4029 trahit
995 3974 1044 4029 S
1241 3974 1484 4043 portauit
1534 3976 1611 4030 M
1654 3975 1893 4030 editores
1922 3981 2147 4044 praeter
2188 3978 2257 4043 ρ’*
2465 3975 2533 4028 11
2588 3977 2643 4028 et
2692 3972 2901 4042 quod—-

646 4059 854 4127 aliquid
890 4075 994 4119 om.
1029 4061 1086 4116 R
1273 4061 1340 4115 13
1373 4063 1568 4129 portat’
1604 4061 1699 4127 M,
1760 4064 2009 4130 portatur
2042 4060 2189 4117 HSb
2373 4062 2438 4115 14
2474 4062 2573 4129 qui
2606 4058 2785 4115 BDF

651 4147 717 4200 16
753 4144 1090 4199 obluctauere
1136 4146 1320 4203 0H¹R
1333 4186 1346 4211 ,
1409 4146 1683 4202 obluctare
1723 4147 1777 4201 G
1982 4147 2125 4215 quod
2159 4146 2416 4201 BDE¹F
2618 4148 2689 4201 25
2730 4147 2779 4200 si
2810 4160 2898 4198 om.

649 4232 722 4285 M
730 4232 763 4286 b
951 4230 1297 4287 rethicuimus
1331 4233 1416 4301 R,
1473 4232 1791 4289 reddibuim'
1824 4234 1873 4288 S
2056 4234 2125 4287 26
2160 4234 2315 4287 cahos
2352 4233 2429 4286 M
2609 4236 2673 4287 ut
2705 4232 2897 4287 noxias·

647 4334 754 4385 que
788 4317 845 4371 B
