3175 5050
597 470 647 516 X

601 639 1066 722 conscripsisset
1116 638 1219 720 (cf.
1251 657 1392 721 pag.
1424 638 1527 718 25,
1558 638 1653 719 5),
1698 637 1859 706 illud
1891 639 2203 723 epistulae
2246 641 2671 728 fragmentum
2710 662 2853 709 mox

598 741 666 807 in
721 741 1052 824 peculiaris
1109 740 1316 807 libelli
1374 742 1641 807 formam
1700 741 1931 808 abiisse
1992 761 2114 808 non
2172 749 2268 810 est
2327 745 2489 827 quod
2534 745 2852 823 miremur,

601 864 722 927 qua
765 847 841 910 de
871 864 937 909 re
968 843 1400 910 testimonium
1429 844 1998 912 luculentissimum
2030 847 2231 912 exstat
2266 851 2427 930 apud
2464 847 2854 914 Gennadium

600 949 675 1012 de
719 947 1126 1030 scriptoribus
1173 947 1606 1012 ecclesiasticis
1640 966 1775 1029 cap.
1806 948 1921 1013 85:
1968 947 2087 1032 leqi
2129 951 2265 1015 eius
2314 951 2582 1034 (Fausti)
2634 956 2691 1016 et
2734 952 2853 1016 ad-

599 1070 820 1116 uersus
863 1051 1150 1115 Arianos
1203 1054 1263 1114 et
1320 1050 1833 1115 Macedonianos
1884 1072 2175 1133 paruum
2239 1053 2537 1132 libellam,
2605 1055 2681 1119 in
2734 1075 2855 1138 qao

600 1155 1058 1219 coessentialem
1105 1153 1443 1234 praedicat
1500 1153 1857 1218 trinitatem
1901 1155 2132 1236 (prima
2177 1159 2240 1220 et
2297 1157 2492 1221 altera
2550 1159 2854 1239 epistulae

597 1259 784 1342 pars),
830 1261 890 1322 et
931 1256 1137 1320 aliam
1181 1256 1490 1322 aduersas
1533 1275 1651 1338 eos,
1698 1257 1811 1337 qui
1854 1257 2073 1322 dicunt
2100 1277 2226 1324 esse
2266 1261 2341 1324 in
2371 1261 2681 1325 creaturis
2724 1260 2852 1324 ali-

599 1361 756 1442 quid
841 1362 1283 1442 incorporeum
1357 1361 1575 1441 (tertia
1650 1361 1956 1444 epistulae
2030 1363 2224 1446 pars).
2336 1365 2625 1445 quamuis
2704 1381 2850 1428 uero

601 1465 909 1531 Gennadii
966 1466 1094 1532 iam
1151 1464 1534 1547 temporibus
1578 1451 1648 1529 in
1691 1466 1845 1530 duos
1890 1465 2229 1548 peculiares
2289 1467 2537 1532 libellos
2582 1467 2853 1549 epistula

601 1567 801 1630 diuisa
843 1567 1051 1647 fuerit,
1099 1570 1310 1632 tamen
1339 1568 1635 1634 Mamerti
1682 1569 1922 1634 codices
1954 1569 2106 1651 quin
2150 1567 2337 1634 initio
2370 1589 2507 1634 eam
2540 1571 2852 1656 integram

601 1670 996 1735 exhibuerint
1050 1670 1325 1736 dubitari
1381 1691 1504 1737 non
1560 1674 1785 1754 potest,
1844 1672 2025 1754 quod,
2089 1690 2465 1753 quamquam
2520 1690 2713 1754 usque
2774 1673 2853 1738 ad

597 1793 740 1857 pag.
784 1775 884 1851 37,
920 1775 1001 1838 10
1045 1777 1260 1838 contra
1304 1774 1573 1858 priorem
1619 1774 1797 1838 illam
1841 1776 2082 1856 partem
2126 1774 2407 1857 disputat
2448 1774 2849 1849 Claudianus,

600 1879 674 1940 de
717 1895 839 1941 uno
884 1877 1136 1941 tantum
1181 1877 1402 1941 Fausti
1445 1876 1786 1942 aduersarii
1830 1877 2044 1942 libello
2090 1880 2280 1943 uerba
2321 1877 2497 1942 facit.

679 2047 848 2112 Haec
920 2068 1064 2114 uero
1133 2050 1186 2113 si
1249 2066 1372 2114 non
1439 2049 1589 2114 satis
1655 2067 2047 2114 communem
2120 2048 2429 2114 librorum
2495 2049 2849 2115 nostrorum

599 2151 1001 2234 archetypum
1061 2153 1334 2217 indicare
1391 2153 1707 2229 uidentur,
1774 2153 1950 2216 adest
2015 2153 2285 2216 alterum
2344 2152 2529 2234 idque
2596 2154 2847 2237 grauius

599 2256 1054 2337 argumentum.
1138 2256 1372 2319 etenim
1437 2273 1512 2319 ne
1580 2255 1837 2319 tertiam
1909 2254 2161 2337 quidem
2234 2257 2475 2336 partem
2549 2257 2850 2337 epistulae

596 2357 905 2440 integram
948 2359 1244 2440 praebent
1289 2357 1530 2423 codices
1574 2360 1791 2438 nostri,
1850 2377 1993 2422 cum
2040 2359 2193 2422 satis
2240 2378 2471 2441 magna
2514 2360 2739 2423 lacuna
2782 2360 2851 2424 in

597 2462 800 2527 medio
844 2462 1162 2529 enuntiato
1223 2462 1558 2546 incipiente
1606 2461 1713 2545 (cf.
1766 2461 1862 2543 16,
1910 2461 2143 2543 3—17,
2193 2461 2298 2543 14)
2358 2461 2662 2543 laborent,
2726 2481 2847 2545 qua

599 2568 665 2630 in
707 2567 930 2631 lacuna
973 2586 1129 2649 quae
1175 2570 1498 2633 exstabant
1543 2588 1580 2633 a
1626 2567 1965 2633 Claudiano
2012 2568 2153 2651 plus
2197 2585 2319 2631 uno
2366 2568 2497 2631 loco
2550 2567 2653 2649 (cf.
2704 2568 2848 2643 105,

603 2671 681 2735 15
712 2671 874 2753 sqq.)
943 2672 1380 2754 respiciuntur.
1465 2674 1578 2736 hoc
1643 2672 1839 2754 igitur
1903 2672 2209 2754 peculiare
2274 2669 2595 2753 archetypi
2654 2670 2847 2735 detri-

599 2776 880 2839 mentum
923 2773 1116 2839 fuisse
1160 2774 1329 2839 omni
1376 2774 1765 2840 dubitatione
1811 2776 2012 2841 maius
2059 2775 2174 2839 est.
2250 2775 2358 2839 sed
2404 2774 2553 2839 haec
2596 2773 2849 2837 interim

598 2878 912 2942 sufficiant
977 2878 1056 2943 ad
1123 2878 1641 2962 comprobandam
1708 2895 2097 2942 communem
2163 2878 2442 2941 codicum
2509 2876 2844 2957 originem:

600 2981 674 3045 de
741 2981 1122 3064 reliquorum
1190 2968 1553 3047 mendorum
1624 2981 2073 3057 communione,
2150 3000 2323 3063 quae,
2397 2979 2518 3044 nisi
2588 2999 2659 3044 ex
2725 2998 2846 3043 uno

603 3102 814 3149 omnes
856 3084 1003 3151 libri
1034 3086 1474 3151 descenderent
1503 3085 1855 3170 archetypo,
1888 3085 2179 3167 explicari
2208 3102 2330 3149 non
2360 3089 2585 3166 posset,
2631 3087 2849 3168 postea

598 3187 990 3254 disseremus.

683 3344 1052 3410 Accedimus
1110 3346 1239 3411 iam
1295 3350 1373 3413 ad
1428 3349 1912 3429 uniuscuiusque
1968 3346 2116 3412 libri
2180 3348 2453 3429 pretium
2498 3342 2847 3410 accuratius

599 3449 1034 3517 definiendum.
1105 3452 1268 3516 mira
1311 3455 1521 3517 autem
1565 3452 1687 3517 hac
1730 3455 1795 3517 in
1825 3472 1892 3517 re
1923 3452 2203 3517 codicum
2234 3453 2327 3515 est
2358 3449 2653 3525 condicio,
2698 3466 2847 3512 nam

598 3569 717 3633 quo
763 3554 1018 3637 quisque
1063 3558 1156 3619 est
1199 3558 1524 3634 recentior,
1574 3575 1643 3621 eo
1688 3557 1814 3621 fere
1846 3560 1938 3621 est
1966 3556 2311 3639 pretiosior.
2374 3552 2647 3636 optimus
2678 3552 2842 3615 enim

595 3656 755 3720 liber
798 3658 867 3721 M
913 3660 1011 3721 est
1065 3676 1222 3722 saec.
1268 3658 1601 3738 XI-XH‚
1664 3678 1847 3741 quem
1903 3660 2008 3742 qui
2064 3658 2344 3723 bonitate
2388 3654 2847 3736 subsequuntur

595 3758 714 3824 OG
759 3761 906 3823 sunt
949 3778 1106 3825 saec.
1140 3761 1252 3843 XI,
1300 3761 1396 3825 his
1440 3761 1825 3844 adiungendi
1871 3762 2167 3826 uidentur
2210 3758 2359 3824 libri
2402 3758 2533 3823 RH
2577 3775 2737 3822 saec.
2764 3758 2845 3837 X,

597 3863 648 3926 L
679 3881 836 3927 saec.
869 3864 928 3928 X
959 3865 1254 3942 exeuntiS‚
1289 3863 1330 3929 S
1361 3882 1517 3929 saec.
1547 3866 1662 3945 XI,
1709 3868 1875 3930 inter
1906 3864 2235 3929 deteriores
2269 3864 2459 3928 libros
2489 3861 2844 3926 referendus

599 3969 694 4030 est
737 3966 796 4030 A
849 3984 1006 4030 saec.
1055 3966 1250 4031 VIIII
1307 3985 1450 4031 cum
1491 3968 1547 4031 B
1593 3986 1750 4033 saec.
1794 3969 1855 4033 X
1919 3965 2273 4049 incipientis
2330 3968 2392 4030 et
2438 3964 2639 4029 DEF.
2738 3963 2845 4029 sed

597 4068 747 4133 haec
791 4069 1007 4133 statim
1054 4069 1254 4134 fusius
1295 4073 1640 4135 tractemus
1686 4071 1769 4149 et,
1829 4089 1948 4154 quo
1994 4069 2381 4153 cognationis
2426 4067 2671 4132 uinculo
2717 4068 2847 4132 sin-

599 4171 735 4255 guli
798 4172 959 4237 inter
1005 4192 1070 4237 se
1135 4171 1282 4237 libri
1340 4173 1656 4239 coniuncti
1700 4174 1849 4253 sint,
1910 4192 2284 4256 exponamus
2343 4176 2602 4255 oportet.
2677 4190 2848 4237 nunc

596 4276 826 4352 autem,
872 4292 990 4356 quo
1018 4275 1244 4340 melius
1289 4275 1735 4360 disputationis
1780 4281 2027 4343 nostrae
2072 4278 2229 4343 ratio
2275 4276 2687 4360 perspiciatur
2730 4275 2846 4339 hoc

594 4394 864 4462 propono
925 4377 1208 4442 codicum
1252 4381 1538 4461 stemma,
1600 4380 1763 4463 quod
1806 4384 1974 4447 recte
2019 4400 2119 4447 me
2163 4378 2512 4462 depinxisse
2559 4397 2630 4442 ex
2674 4396 2843 4443 com-
