3175 5050
670 445 798 511 186
1441 443 1809 500 Claudiani
1845 397 2162 502 Mamerti

1506 634 1567 699 3.
1614 634 1721 699 De
1764 633 2086 700 ratione.

753 774 918 838 Item
974 772 1385 839 ratiocinatur
1441 771 1651 838 anima
1687 772 2029 837 ¹rationalis
2088 776 2151 836 et
2208 772 2713 839 substantialiter
2770 775 2926 840 inest

663 876 914 942 animae
979 875 1339 943 ratiocinari
1411 876 1474 939 et
1530 873 1691 940 ratio
1756 876 2163 960 incorporalis
2221 879 2407 960 atque
2462 875 2747 942 inlocalis
2806 881 2923 942 est:

665 979 866 1062 igitur
907 977 1314 1063 incorporalis
1359 981 1455 1043 est
1506 980 1738 1044 anima.

1449 1150 1511 1215 4.
1555 1150 1663 1217 De
1714 1150 2146 1219 uoluntate.
2957 1171 2981 1212 ⁵

750 1288 915 1353 Item
973 1289 1265 1353 uoluntas
1324 1289 1570 1353 animae
1628 1288 1986 1355 substantia
2046 1289 2179 1354 eius
2238 1295 2334 1354 est
2380 1293 2460 1369 et,
2508 1290 2562 1356 si
2607 1291 2748 1356 tota
2790 1291 2931 1356 uult

659 1392 894 1474 anima,
951 1392 1088 1458 tota
1144 1394 1435 1457 uoluntas
1494 1398 1588 1457 est
1650 1395 1714 1457 et
1765 1393 2055 1459 uoluntas
2102 1411 2324 1474 corpus
2368 1411 2492 1459 non
2552 1395 2679 1460 est:
2737 1395 2928 1480 igitur

659 1495 875 1561 anima
919 1514 1042 1560 non
1091 1498 1186 1559 est
1229 1513 1467 1577 corpus,

1466 1672 1526 1735 5.
1577 1668 1680 1732 De
1731 1670 2119 1732 memoria.

745 1805 911 1871 Item
969 1806 1271 1871 memoria
1324 1806 1611 1870 inlocalis
1670 1806 1975 1887 quaedam
2034 1806 2350 1888 capacitas
2409 1808 2523 1886 est,
2593 1825 2751 1890 quae
2818 1827 2926 1872 nec
2941 1829 2985 1870 ιο

659 1909 1072 1974 multitudine
1118 1908 1597 1974 recordabilium
1656 1908 2037 1973 distenditur
2092 1927 2207 1974 nec
2262 1909 2587 1992 paucitate
2630 1913 2925 1976 tenuatur

659 2015 727 2077 et
798 2012 1263 2093 incorporaliter
1335 2011 1530 2075 etiam
1620 2011 2033 2093 corporalium
2105 2013 2552 2080 reminiscitur.
2643 2015 2711 2078 et
2784 2033 2927 2079 cum

660 2115 950 2179 meminit
1026 2114 1289 2194 animus,
1364 2114 1536 2179 totus
1605 2113 1894 2178 meminit
1953 2117 2016 2178 et
2071 2116 2241 2179 totus
2310 2118 2613 2182 memoria
2666 2119 2765 2182 est
2825 2117 2927 2200 qui

654 2217 945 2282 meminit
988 2220 1160 2282 totus
1206 2219 1269 2282 et
1313 2217 1616 2282 memoria
1659 2235 1877 2299 corpus
1921 2235 2045 2282 non
2090 2223 2213 2283 est:
2272 2237 2397 2284 non
2454 2219 2654 2304 igitur
2700 2239 2923 2304 corpus

613 2341 626 2356 ·
658 2322 758 2384 est
810 2321 1074 2386 animus,
2940 2343 2985 2383 ι»

1530 2425 1591 2490 6.
1641 2426 1745 2525 De
1801 2425 2048 2489 tactu.

742 2562 906 2628 Item
973 2581 1194 2644 corpus
1252 2563 1319 2627 in
1375 2567 1552 2646 parte
1615 2563 1713 2628 sui
1756 2564 1999 2628 tactum
2045 2564 2135 2630 ibi
2179 2566 2391 2643 sentit,
2460 2564 2569 2630 ubi
2613 2565 2923 2649 tangitur,

652 2666 902 2733 animus
971 2668 1185 2731 autem
1251 2685 1361 2748 per
1428 2684 1548 2732 non
1617 2671 1821 2732 totum
1882 2685 2121 2751 corpuS,
2183 2668 2296 2733 hoc
2353 2672 2447 2733 est
2506 2688 2617 2751 per
2673 2671 2925 2751 partem

655 2770 926 2851 corporis
969 2772 1141 2835 totus
1187 2772 1398 2851 sentit,
1468 2771 1653 2835 huius
1699 2771 1869 2835 modi
1903 2790 2051 2837 uero
2096 2789 2312 2837 sensus
2358 2771 2645 2838 inlocalis
2705 2774 2807 2838 est
2865 2777 2925 2838 et

655 2890 840 2937 omne
911 2874 1173 2938 inlocale
1246 2874 1677 2966 incorporeum
1746 2878 1877 2940 est:
1946 2875 2303 2958 incorporea
2371 2895 2519 2961 ergo
2564 2879 2658 2941 est
2718 2876 2985 2941 omnisne

654 2994 887 3042 amma.

1243 3097 1300 3162 7.
1346 3098 1454 3162 De
1498 3115 1821 3163 accessu
1865 3117 1950 3163 ac
1995 3116 2331 3163 recessu.

739 3233 900 3299 Item
948 3252 1168 3317 corpus
1211 3252 1326 3300 nec
1368 3234 1822 3318 adpropinquat
1865 3235 1979 3301 deo
2035 3253 2153 3301 nec
2210 3235 2443 3300 recedit
2486 3254 2533 3299 a
2575 3236 2707 3317 de0‚
2786 3237 2924 3302 ani-

652 3356 792 3403 mus
837 3341 1053 3402 autem
1098 3337 1163 3403 et
1216 3341 1526 3421 proximat
1570 3345 1634 3403 et
1676 3336 2051 3423 longinquat
2107 3338 2492 3403 inlocaliter:
2540 3337 2739 3423 igitur
2782 3340 2923 3404 aui-

648 3460 792 3507 mus
839 3454 1062 3524 corpus
1107 3458 1228 3506 non
1275 3443 1388 3508 est.
2648 3452 2655 3462 '
2937 3469 2983 3509 25

1529 3598 1590 3663 8.
1638 3597 1744 3661 De
1795 3597 2030 3661 motu.

736 3730 900 3796 Item
946 3749 1157 3815 corpus
1202 3735 1490 3798 mouetur
1535 3752 1647 3816 per
1681 3733 1907 3812 locum,
1946 3734 2192 3797 animus
2239 3732 2450 3797 autem
2495 3749 2605 3815 per
2649 3730 2920 3795 eundem

649 3854 774 3899 non
820 3838 1135 3900 mouetur:
1183 3838 1433 3902 animus
1475 3836 1673 3919 igitur
1716 3853 1837 3900 non
1886 3838 1981 3900 est
2025 3851 2265 3916 corpus,

753 4126 788 4179 2
840 4128 1142 4180 rationetur
1191 4124 1298 4181 RS
1540 4123 1885 4178 rationabilis
1936 4123 1994 4178 R
2251 4122 2286 4176 3
2338 4122 2603 4176 rationari
2656 4121 2780 4176 ΑΒ*

648 4212 716 4266 12
756 4211 1225 4279 incorporabiliter
1258 4211 1340 4276 A,
1399 4210 1747 4279 corporaliter
1784 4210 1838 4266 G·
2008 4208 2421 4278 incorporalium
2458 4208 2514 4262 B
2689 4208 2754 4262 13
2790 4207 2921 4275 quia

649 4298 698 4353 S
899 4298 964 4350 17
1011 4301 1194 4366 partes
1237 4295 1631 4352 AB¹DEFH¹
1834 4295 1915 4349 ibi
1961 4309 2060 4349 om.
2106 4293 2152 4349 S
2350 4296 2418 4349 18
2452 4296 2631 4349 autem
2669 4308 2769 4349 om.
2804 4292 2923 4347 AB

645 4383 877 4440 DEFR
901 4382 1021 4438 Sch.
1228 4398 1334 4436 non
1371 4398 1462 4451 per
1495 4384 1556 4437 D
1764 4382 1833 4437 22
1868 4382 2099 4451 accessu]
2138 4396 2288 4435 cesau
2321 4379 2619 4435 ABCH⁸R
