3175 5050
777 493 902 562 164
1551 494 1910 557 claudiani
1948 494 2265 549 Mamerti

771 703 930 752 suae
975 689 1346 755 conueniens
1391 689 1590 790 gessit
1648 684 1945 750 officium.
2022 703 2169 768 ergo
2212 684 2381 751 sicut
2424 685 2710 750 localiter
2756 685 2923 750 stetit
2958 686 3007 749 ot

775 789 1063 858 localiter
1106 789 1333 866 sonuit,
1379 790 1477 853 ita
1521 790 1585 853 et
1628 788 1921 854 localiter
1963 787 2146 854 uidit.

863 911 986 976 Hic
1038 927 1199 975 nunc
1253 925 1366 990 pro
1420 907 1544 974 fine
1601 907 1979 992 quaestionis
2038 906 2309 992 inquire,
2366 910 2738 974 utrumnam
2786 907 3006 977 Gabriel

777 1011 1060 1095 angelus,
1091 1015 1165 1077 ut
1191 1013 1267 1076 tu
1294 1013 1609 1093 autumas,
1651 1012 1859 1078 solum
1891 1027 2115 1095 corpus
2143 1013 2212 1077 in
2242 1012 2776 1094 contemplatione
2804 1010 3005 1074 Mariae

775 1114 1176 1198 corporaliter
1233 1119 1566 1199 occupatus
1625 1134 1750 1181 uno
1810 1117 2146 1198 eodemque
2205 1115 2369 1193 uisu,
2422 1133 2547 1180 uno
2594 1114 2785 1198 atque
2827 1113 3006 1178 eodem
3036 1119 3055 1156 ⁵

775 1222 1053 1299 tempore
1082 1217 1412 1283 inlocalem
1443 1219 1629 1284 deum
1659 1217 2015 1284 inlocaliter
2038 1218 2289 1294 uiderit,
2324 1237 2444 1301 quo
2475 1219 2741 1284 localem
2772 1217 3010 1282 Mariam

773 1320 1059 1386 localiter
1112 1321 1298 1387 uidit.
1374 1324 1533 1406 quod
1590 1321 1738 1405 quia
1789 1320 1926 1386 fieri
1984 1339 2094 1405 pro
2140 1321 2416 1405 corporei
2463 1315 2651 1405 atque
2693 1318 3009 1402 incorporei

773 1423 1138 1489 diuersitate
1182 1443 1308 1490 non
1352 1424 1601 1501 sinitur,
1633 1425 1836 1490 restat
1864 1427 1937 1490 ut
1968 1425 2081 1491 aut
2107 1423 2376 1490 Mariam
2408 1423 2666 1490 Gabriel
2693 1440 3012 1505 numquam

773 1526 1005 1592 uiderit
1059 1529 1170 1594 aut
1223 1528 1406 1595 deum
1461 1529 1675 1596 uidere
1747 1531 2106 1594 cessauerit.
2182 1529 2293 1594 sed
2335 1527 2483 1594 huic
2526 1529 2687 1594 falso
2732 1527 3014 1593 sententia

774 1628 1060 1696 ueritatis
1103 1631 1373 1717 obsistit,
1406 1650 1527 1716 qua
1555 1632 1798 1699 dictum
1830 1634 1951 1698 est:
1999 1633 2179 1714 quia
2223 1632 2495 1716 angeli
2541 1650 2810 1698 eorum
2854 1647 3063 1694 sem-10

772 1752 900 1818 per
943 1732 1231 1800 uident
1283 1735 1570 1800 faciem
1623 1735 1887 1819 patris
1940 1736 2108 1800 mei.
2182 1736 2237 1801 si
2282 1755 2525 1819 semper
2567 1736 2813 1811 uident,
2857 1749 3013 1797 num-

769 1855 964 1920 quam
1017 1855 1140 1904 non
1198 1838 1436 1904 uident.
1509 1839 1607 1904 sin
1662 1840 1873 1903 autem
1931 1840 2175 1920 quando
2226 1837 2486 1907 Gabriel
2529 1837 2799 1903 Mariam
2862 1833 3009 1899 uidit

774 1941 958 2006 deum
1016 1940 1230 2006 uidere
1288 1941 1555 2020 destitit,
1616 1959 1740 2006 non
1801 1958 1947 2023 ergo
2005 1958 2253 2023 semper
2312 1941 2521 2025 angeli
2567 1940 2756 2004 deum
2801 1937 3013 2002 uident.

771 2043 970 2127 igitur
1013 2045 1126 2110 aut
1169 2048 1412 2127 quando
1459 2045 1723 2114 Gabriel
1773 2043 2044 2112 Mariam
2088 2045 2253 2111 uidit
2309 2046 2495 2111 deum
2524 2044 2742 2110 uidere
2772 2041 3014 2121 destitit,

769 2152 884 2214 aut
929 2167 1148 2214 uerum
1194 2167 1315 2213 non
1359 2149 1480 2214 erit
1525 2147 1692 2232 quod
1734 2148 1971 2214 ueritas
2018 2148 2194 2214 dixit.
2271 2150 2651 2232 quapropter
2693 2145 3011 2212 indissolu-
3028 2164 3062 2204 15

772 2251 906 2332 bili,
961 2255 1034 2318 ut
1088 2254 1284 2336 patet,
1340 2251 1584 2318 ratione
1643 2251 2057 2335 concluditur,
2117 2254 2278 2334 quod
2324 2253 2470 2334 quia
2514 2248 2699 2317 locali
2748 2250 2894 2316 uisu
2934 2268 3015 2313 eo-

773 2356 1038 2440 demque
1081 2355 1148 2422 in
1192 2354 1429 2422 Mariae
1475 2354 2002 2439 contemplatione
2050 2355 2243 2421 defixo
2290 2357 2549 2439 angelus
2593 2355 2785 2420 deum
2830 2353 3013 2419 uidere

770 2478 898 2527 non
958 2459 1168 2543 potu-it
1213 2463 1277 2525 et
1333 2461 1546 2527 tamen
1614 2462 1769 2527 tunc
1814 2476 2055 2543 quoque
2113 2459 2395 2529 Gabrieli
2441 2461 2628 2526 deum
2670 2461 2890 2526 uisum
2930 2477 3015 2521 ne-

769 2583 917 2649 gare
984 2583 1109 2630 non
1175 2564 1348 2643 licet,
1415 2583 1494 2629 ne
1560 2564 1736 2629 iuxta
1792 2562 2028 2629 diaboli
2096 2579 2313 2629 casum
2368 2563 2433 2627 in
2490 2562 2741 2628 miseria
2800 2562 3016 2627 scilicet

770 2688 1070 2751 umquam
1116 2687 1239 2734 non
1283 2666 1539 2733 uidendi
1577 2666 1763 2733 deum
1793 2666 2191 2733 inmutabilis
2222 2666 2352 2731 iam
2384 2665 2801 2732 beatitudinis
2834 2663 3065 2747 angelino

771 2774 1001 2837 natura
1045 2771 1363 2848 deciderit,
1409 2773 1493 2837 sit
1536 2770 1606 2835 in
1653 2789 1724 2836 eo
1770 2789 2061 2853 corporea
2104 2770 2590 2853 incorporeaque
2634 2768 3015 2835 substantia:

773 2892 900 2939 una
959 2892 1084 2955 qua
1144 2874 1246 2939 uel
1305 2872 1599 2939 uideatur
1658 2874 1897 2956 corpori
1956 2874 2063 2938 uel
2108 2873 2511 2956 corporaliter
2554 2873 2791 2956 uideat,
2843 2873 3020 2937 altera

767 2996 895 3059 qua
937 2977 1410 3060 incorporaliter
1452 2979 1887 3061 incorporeum
1930 2978 2063 3043 sine
2105 2976 2230 3043 fine
2274 2975 2645 3060 conspiciat.

983 3197 1048 3250 10
1082 3197 1284 3251 Matth.
1322 3198 1404 3263 18,
1441 3197 1509 3253 10

875 3402 912 3457 4
944 3405 1008 3457 tu
1043 3418 1147 3457 om.
1183 3402 1486 3468 ABDEF,
1534 3405 1659 3457 tute
1699 3403 1752 3460 a
1956 3404 2021 3456 ut
2056 3368 2236 3457 tfi'ffias
2272 3401 2321 3457 s
2518 3403 2551 3457 e
2594 3402 2740 3472 quod
2788 3404 2903 3460 AB

771 3492 806 3545 8
841 3492 938 3544 aut
973 3504 1073 3543 om.
1113 3488 1232 3544 Sch.
1441 3489 1615 3551 maria
1666 3490 1723 3546 R
1929 3490 1962 3544 9
2016 3489 2168 3543 deum
2226 3504 2325 3545 om.
2372 3504 2419 3557 p
2625 3490 2803 3543 uideri
2863 3489 2909 3543 0

772 3577 841 3631 10
874 3576 1003 3644 quia
1035 3574 1283 3631 AOH¹S
1449 3576 1510 3629 11
1551 3576 1677 3645 mei]
1715 3576 1811 3644 qui
1843 3576 1902 3629 in
1938 3576 2099 3629 caelis
2134 3577 2219 3628 est
2252 3574 2382 3629 add.
2410 3574 2532 3631 Βοὴ.
2711 3578 2781 3631 12
2816 3576 2930 3630 sint
2960 3574 3019 3639 A,

771 3663 821 3717 si
871 3662 946 3717 M
953 3663 985 3715 b
1195 3662 1262 3716 13
1315 3661 1534 3717 desistit
1587 3661 1773 3727 BDF,
1833 3678 1941 3715 non
1995 3662 2211 3715 destitit
2250 3664 2319 3729 1⁰²
2523 3662 2725 3733 angeli]
2782 3661 3016 3732 gabrihel

770 3748 827 3804 R
1059 3746 1203 3800 uidit
1253 3747 1310 3803 R
1552 3748 1619 3802 14
1669 3748 1873 3819 uidere]
1928 3764 2035 3802 non
2086 3747 2215 3802 add.
2274 3748 2329 3807 G
2568 3750 2792 3803 desistit
2846 3750 2900 3805 B

771 3834 837 3888 17
874 3824 1378 3901 contemplationem
1417 3833 1530 3887 Mb
1729 3835 1794 3888 18
1828 3836 1959 3889 tunc
1994 3849 2094 3889 om.
2122 3850 2168 3903 p
2358 3832 2601 3903 gabrielo
2637 3834 3023 3892 ABGGHLM

34 3936 54 3979 ⁵.
153 3912 184 3991 '23
769 3919 913 3976 RSb
1086 3919 1278 3988 negari
1311 3919 1386 3974 M
1391 3919 1422 3973 b
1609 3920 1677 3974 19
1710 3937 1806 3976 nec
1840 3920 1911 3975 M
1921 3920 1953 3974 b
2137 3937 2351 3975 causam
2386 3921 2443 3977 R
2468 3920 2589 3976 Sch.
2762 3924 3019 3977 misterius

91 3986 186 4029 ἱ
221 4050 226 4055 ,
769 4004 898 4059 ficet
944 4006 1025 4073 A,
1086 4004 1330 4059 miserias
1375 4005 1503 4060 iicet
1547 4004 1845 4069 BHLRs,
1903 4006 2121 4060 miseria
2168 4006 2373 4063 seilicet
2415 4007 2599 4062 ΒΕΓ
2806 4009 2877 4063 20
2924 4023 3016 4061 non

769 4140 876 4179 om.
913 4124 986 4178 M
997 4124 1028 4179 b
1211 4125 1278 4179 21
1315 4090 1562 4180 ceciderit
1598 4124 1645 4179 S
1828 4126 1899 4180 22
1933 4143 2039 4197 qua
2061 4129 2148 4182 uel
2170 4129 2437 4200 uideatur]
2476 4130 2603 4199 quia
2625 4131 2810 4189 uideat
2843 4132 2900 4189 R

765 4209 1022 4265 uideatur
1049 4213 1118 4281 1³²
1167 4236 1172 4244 ·
1323 4211 1394 4266 23
1428 4227 1564 4281 quae
1602 4212 1731 4267 libri
1758 4220 1985 4283 praeter
2016 4214 2264 4269 DEFM
