3175 5050
1032 435 1124 492 De
1155 438 1350 494 statu
1385 436 1651 490 animae
1692 435 1785 492 111
1820 436 1871 489 6·
2458 435 2585 504 163

321 626 423 690 est
467 624 630 707 quod
674 625 910 690 nullius
957 643 1150 708 capax
1193 628 1310 693 est.
1386 626 1546 702 illud
1590 642 1738 690 uero
1785 644 1905 709 quo
1936 627 2195 707 spectat,
2249 627 2414 707 quod
2444 642 2585 692 ma-

323 731 485 792 trem
547 729 781 794 domini
842 729 1158 810 adpellare
1215 730 1420 794 mauis
1476 731 1805 811 poetarum
1870 745 2039 794 more
2094 728 2466 810 genitricem
2519 729 2585 805 et

321 832 552 913 absque
596 831 886 898 uersibus
929 831 1170 915 poetice
1215 831 1549 898 oratoriam
1594 831 1801 900 texis?
1844 848 1957 914 ego
2001 833 2219 897 tamen
2260 849 2383 901 non
2429 849 2584 916 qua-

323 933 486 1012 liter,
544 936 650 1000 sed
709 935 860 1016 quid
915 934 1191 1018 loquaris
1247 935 1497 1017 inquiro
1553 939 1742 1030 atque
1792 936 1865 998 ut
1906 935 2280 1018 respondeas
2338 953 2583 1018 quaeso,

281 1076 308 1116 5
411 1053 568 1120 Cum
611 1053 1006 1120 beatissimus
1053 1054 1309 1122 Gabriel
1357 1048 1502 1120 ante
1561 1057 1770 1121 oculos
1817 1055 2160 1126 dominicae
2202 1055 2428 1122 matris
2475 1059 2585 1122 ad-

325 1158 592 1240 sisteret,
661 1156 904 1224 illudne
959 1157 1024 1224 in
1071 1156 1362 1224 Gabriele
1421 1158 1623 1236 Maria
1684 1159 1865 1239 uidit,
1924 1177 2044 1241 quo
2098 1156 2349 1229 Gabriel
2401 1160 2586 1225 deum

323 1259 543 1325 uidet?
611 1260 756 1342 quia
811 1261 870 1326 si
924 1259 1166 1332 Mariae
1220 1261 1376 1348 illud
1433 1261 1686 1335 uisibile
1741 1261 1885 1341 fuit,
1950 1264 2058 1332 ,est
2118 1279 2299 1346 ergo·=
2320 1261 2585 1328 inlocale

327 1363 514 1428 locali
575 1363 1076 1446 contemplabile.
1146 1367 1306 1446 quod
1363 1363 1419 1430 si
1476 1368 1595 1451 est,
1640 1364 1904 1432 inlocale
1958 1385 2082 1432 non
2141 1369 2269 1434 est:
2329 1365 2476 1448 quia
2531 1367 2586 1432 si

326 1467 587 1548 quisque
629 1465 862 1534 localis·
893 1467 1009 1549 est,
1055 1467 1340 1534 localiter
1384 1468 1562 1535 uidet
1608 1470 1672 1534 et
1716 1468 2063 1552 adspiciens
2106 1468 2416 1551 respicere
2460 1485 2587 1533 non

259 1595 311 1634 ιο
327 1574 531 1652 potest
595 1569 720 1634 nisi
773 1570 1039 1654 partem.
1114 1569 1287 1637 uidet
1354 1572 1553 1654 igitur
1618 1571 1827 1639 locum
1882 1575 1989 1664 qui
2052 1573 2336 1638 localiter
2393 1571 2584 1656 uidet,

328 1673 475 1756 quia
517 1691 662 1754 pars
717 1671 887 1738 locus
949 1675 1045 1737 est
1088 1674 1152 1750 et
1195 1674 1368 1748 locus
1422 1675 1703 1740 locorum
1748 1677 1965 1757 utique
2014 1694 2157 1758 pars
2203 1679 2301 1741 est
2346 1676 2410 1740 et
2451 1675 2589 1740 loca

327 1792 579 1858 corpora
621 1776 786 1840 sunt.
864 1778 927 1840 et
971 1775 1080 1860 qui
1125 1781 1368 1860 partem
1411 1778 1586 1843 uidet
1629 1782 1809 1860 parte
1853 1778 1951 1856 sui
1997 1776 2205 1858 uidet„
2243 1796 2357 1844 nec
2378 1777 2587 1856 ‚uideri

327 1879 504 1962 parte
559 1877 687 1943 nisi
739 1897 884 1961 pars
939 1881 1164 1961 potest,
1237 1898 1416 1964 pars·.-
1434 1898 1581 1946 uero
1639 1881 1739 1946 dei
1793 1881 1975 1947 nulla
2018 1883 2131 1962 est,
2176 1880 2328 1964 quia
2371 1879 2588 1963 inpar-

329 1980 464 2046 tilis
519 1999 644 2046 non
698 1981 894 2050 habet
943 1985 1204 2064 partem.
1278 1985 1392 2051 aut
1439 1984 1639 2068 igitur
1682 1984 1946 2053 Gabriel
2001 1985 2187 2052 deum
2242 2004 2383 2066 non,
2410 1985 2590 2052 uidet

261 2107 314 2151 ιε
331 2088 442 2149 aut
485 2083 754 2150 solidum
797 2084 990 2164 uidet,
1037 2105 1152 2155 nec
1194 2086 1514 2171 integrum
1559 2089 1683 2152 nisi
1729 2090 1806 2181 de
1850 2088 2331 2172 integrouideri
2356 2091 2586 2172 potest.

331 2205 552 2269 corpus
595 2205 742 2257 uero
783 2207 900 2256 nec
955 2188 1284 2274 integrum,
1329 2191 1531 2264 ,uideri
1557 2209 1690 2266 ‘nec
1734 2192 1946 2266 uidere
1991 2192 2311 2276 integrum
2354 2195 2586 2275 potest,

331 2309 452 2356 non
518 2291 716 2375 igitur
783 2309 1003 2374 corpus
1065 2296 1179 2371 est,
1237 2294 1402 2359 unde
1459 2295 1713 2362 Gabriel
1771 2295 1957 2360 deum
2011 2296 2207 2372 uidet,
2271 2296 2418 2378 quia
2466 2313 2587 2378 quo

329 2393 615 2459 localiter
673 2394 950 2464 Mariam.
997 2393 1255 2472 Gabriel
1309 2395 1476 2462 uidit
1521 2399 1590 2461 et
1630 2416 1775 2472 eum
1828 2398 2033 2464 Maria
2058 2398 2358 2464 localiter
2403 2399 2586 2479 uidit,

331 2498 541 2563 uidere
595 2497 951 2565 inlocaliter
1005 2497 1242 2581 nequit.
1325 2498 1448 2564 sed
1485 2503 1558 2565 ut
1617 2501 1827 2567 tecum
1870 2502 2061 2570 uerbo
2106 2502 2488 2587 congrediar,
2534 2505 2591 2570 si

261 2625 314 2665 20
331 2602 498 2665 totus
543 2600 801 2669 Gabriel
846 2620 968 2667 non
1011 2601 1134 2667 nisi
1179 2619 1416 2685 'corpus
1475 2604 1576 2668 est
1630 2623 1741 2687 pro
1787 2604 2092 2671 distantia
2134 2605 2429 2689 partium,
2475 2625 2592 2684 nec

331 2707 500 2774 totus
547 2708 645 2771 est
685 2723 815 2787 pce,
861 2724 974 2773 nec
1020 2706 1193 2772 totus
1237 2708 1335 2783 est
1376 2723 1464 2790 oe,
1513 2726 1629 2773 nec
1672 2708 1845 2787 totus
1892 2710 1988 2799 est
2020 2710 2265 2791 oculus.
2342 2712 2590 2793 quocir-

334 2826 407 2873 ca
459 2810 702 2889 quando
755 2808 995 2875 Mariae
1052 2809 1224 2875 uisus
1273 2812 1392 2889 est,
1458 2829 1574 2887 nec
1616 2814 1771 2893 pede
1832 2811 2237 2887 locutus1nec
2280 2830 2384 2883 ore
2429 2812 2591 2879 uidit

332 2928 449 2976 nec
514 2911 688 2977 oculo
743 2911 942 2995 stetit,
999 2911 1110 2977 sed
1143 2931 1310 2997 pars
1367 2932 1767 2999 unaquaeque
1826 2915 2249 2984 membrorum
2294 2916 2592 2999 qualitati

439 3152 466 3206 1
514 3151 694 3205 nullus
738 3151 836 3219 Μ,
893 3151 1066 3205 ullius
1100 3151 1375 3208 Bar-thiae
1580 3154 1725 3224 quod
1768 3154 1993 3211 FMRb
2023 3155 2145 3211 Sela·
2280 3172 2289 3204 ι
2351 3158 2595 3226 expectat

335 3237 822 3294 ABGHLMRSb
849 3236 970 3295 Sel».
1174 3238 1210 3292 2
1253 3239 1415 3293 andes
1460 3246 1590 3296 ante
1635 3242 1813 3296 mauis
1848 3242 1974 3298 add.
2013 3242 2046 3296 b
2080 3258 2149 3297 ecc
2180 3242 2359 3313 ylossa
2391 3243 2595 3313 marqi·

333 3324 458 3377 mli
490 3323 692 3379 codicis
725 3324 802 3379 M
999 3325 1192 3399 mauis]
1227 3326 1402 3380 maius
1431 3328 1501 3395 ρ’
1610 3370 1617 3377 .
1707 3328 1908 3397 poetico
1942 3331 2012 3398 Ρ*
2220 3344 2309 3384 ore
2343 3329 2457 3385 Mb

335 3408 604 3476 genetrice
639 3408 696 3463 R
866 3410 916 3485 3,
935 3412 1121 3480 poetae
1155 3410 1213 3468 A
1281 3447 1286 3453 -
1381 3413 1418 3465 4
1451 3416 1516 3467 ut
1550 3428 1652 3467 om.
1693 3413 1746 3468 G
1780 3471 1787 3483 ι
1916 3415 1951 3469 5
1986 3413 2229 3469 dominae
2265 3414 2337 3483 B,
2388 3414 2593 3476 domini

333 3494 458 3549 DE
659 3494 694 3547 6
745 3494 989 3571 gabrielo
1036 3496 1359 3565 (gabrihelo)
1405 3497 1532 3552 libri
1571 3504 1799 3565 praeter
1844 3499 1965 3553 DE
2164 3498 2442 3555 dominum
2476 3500 2592 3567 edi·

299 3572 301 3575 ⁴
333 3586 477 3635 tores
682 3581 714 3635 7
749 3580 894 3635 uidit
927 3580 1274 3637 ABHLRS¹
1391 3645 1395 3656 Ι
1471 3584 1753 3639 inlocalem
1789 3584 1845 3650 R
2062 3585 2096 3640 8
2130 3586 2593 3655 contemplabilem

335 3667 392 3722 R
595 3665 763 3743 locale
803 3666 856 3721 G
1029 3708 1033 3715 .
1060 3668 1094 3722 9
1129 3668 1267 3739 quie,
1303 3667 1398 3738 qui
1422 3669 1721 3739 Barthius·
1896 3668 2044 3729 uidit
2072 3670 2455 3728 A²BHLRS¹

338 3753 404 3807 10
451 3754 646 3823 potest]
684 3754 864 3807 totum
907 3753 1041 3809 add.
1079 3753 1132 3809 G
1336 3755 1443 3809 nisi
1487 3755 1566 3809 M
1569 3756 1603 3810 b
1617 3796 1631 3821 ‚
1684 3770 1801 3827 om„
1820 3756 2029 3827 rest-..et
2063 3757 2183 3811 Βοὴ.
2389 3760 2595 3827 partem

335 3839 509 3907 igitur
559 3838 714 3893 uidet
757 3839 1000 3910 ‚locorum
1057 3840 1110 3896 G
1147 3846 1200 3895 et
1233 3841 1295 3895 E
1341 3841 1407 3897 in
1457 3858 1629 3913 mary.
1682 3842 1907 3913 addens,
1945 3843 2031 3897 ‘aL
2085 3843 2213 3897 cod:
2469 3844 2598 3911 quia

337 3923 456 3979 Βοὴ.
663 3924 808 3985 uidit
841 3926 898 3983 R
979 3981 984 3989 ,
1063 3966 1068 3974 .
1105 3928 1165 3983 11
1213 3930 1428 3997 utrique
1474 3930 1531 3985 R
1557 3929 1678 3988 Son.
1888 3929 1953 4001 12
1998 3932 2179 3998 partes
2216 3929 2344 3997 (sui)
2380 3930 2473 3984 Μ2
2510 3930 2597 3995 (in

334 4012 528 4085 maa-9.)
560 4012 591 4067 b
617 4011 765 4079 Sele„
819 4014 1029 4081 partem
1057 4016 1127 4083 1²²
1297 4014 1441 4069 uidit
1478 4016 1550 4071 δ’
1736 4016 1803 4071 13
1839 4014 2169 4085 impartibile
2204 4016 2235 4071 b
2411 4017 2477 4070 16
2512 4017 2599 4070 ui-

336 4097 450 4151 deri
485 4098 542 4153 R
715 4099 781 4153 17
817 4098 944 4153 dnm
981 4098 1101 4154 AG
1271 4101 1413 4170 quod
1453 4100 1562 4158 GR
1736 4102 1801 4156 18
1836 4102 1986 4155 uidet
2018 4100 2351 4157 ABHLRS
2380 4102 2599 4170 (priore

335 4184 471 4251 loco)
679 4185 745 4240 21
795 4187 877 4239 est
922 4191 1052 4241 ante
1095 4185 1279 4241 oculus
1327 4203 1428 4243 om.
1475 4186 1915 4243 ABGFGHLS
2122 4188 2191 4243 22
2236 4188 2465 4259 loeutus]
2514 4192 2599 4243 est

337 4288 469 4343 add.
496 4292 567 4357 φ’
772 4290 841 4344 23
881 4260 1347 4361 parsonaquaeque
1381 4290 1436 4345 B
1644 4306 1960 4361 unaquaque
1994 4289 2108 4347 FG
2313 4292 2605 4362 qualitatis

339 4374 520 4441 ABF,
581 4376 847 4445 qualitate
879 4375 936 4431 R

2288 4481 2393 4535 11*
