3175 5050
645 449 775 518 202
1424 445 1791 504 Claudiani
1828 446 2147 502 Mamerti

648 639 940 707 carminis
1007 639 1286 706 breuitas
1353 637 1817 721 longitudinem
1870 636 2180 722 phalerati
2238 635 2537 702 sermonis
2604 634 2904 701 eliminat.

648 745 740 810 ita
824 742 945 808 tibi
1031 741 1214 808 facile
1297 741 1471 807 factu
1543 744 1638 808 est
1710 740 1976 806 minutis
2060 739 2365 806 trochaeis
2437 737 2907 804 minutioribus-

648 866 767 929 que
812 845 1142 930 pyrrichiis
1189 862 1310 910 non
1355 843 1564 910 solum
1609 844 1965 910 molossicas
2010 843 2557 926 anapaesticasque
2587 843 2906 920 ternarias„

650 953 759 1016 sed
804 949 1200 1036 epitritorum
1247 949 1436 1016 etiam
1465 966 1895 1032 paeonumque
1941 949 2271 1030 quaternas
2328 945 2727 1030 superuenire
2772 945 2908 1010 iun-

652 1056 884 1120 cturas
960 1053 1258 1140 excrescit
1311 1050 1663 1137 amplitudo
1720 1051 2030 1135 proloquii
2100 1051 2427 1134 angustias
2477 1048 2797 1130 regulares
2854 1051 2912 1114 et
2944 1069 2967 1110 ⁵

649 1163 975 1240 tamquam
1015 1173 1205 1240 paruo
1251 1173 1399 1222 auro
1445 1154 1702 1240 grandis
1746 1172 2001 1240 gemma
2042 1155 2149 1218 uix
2194 1153 2436 1236 capitur
2464 1153 2819 1236 emicatque
2846 1157 2911 1217 ut

652 1261 796 1343 equi
839 1262 1107 1344 potentis
1153 1259 1536 1340 animositas,
1585 1259 1687 1323 cui
1732 1257 2029 1323 frementi
2074 1257 2125 1321 si
2172 1256 2337 1321 inter
2382 1257 2606 1339 tesqua
2635 1254 2743 1320 uel
2774 1274 2912 1322 con-

651 1364 830 1448 fraga
886 1362 1206 1428 frenorum
1259 1361 1398 1446 lege
1454 1362 1742 1427 teneatur
1796 1359 2115 1444 intellegis
2160 1377 2283 1424 non
2329 1363 2463 1424 tam
2508 1377 2765 1424 cursum
2814 1360 2913 1424 de-

649 1485 788 1532 esse
859 1485 1048 1548 quam
1118 1483 1432 1548 campum.
1507 1463 1658 1547 quid
1722 1462 1991 1529 multis?
2056 1463 2291 1529 arbitro
2358 1481 2461 1527 me
2527 1463 2593 1528 in
2626 1465 2913 1546 -utroque

649 1589 878 1653 genere
923 1569 1170 1634 dicendi
1214 1587 1329 1634 nec
1379 1568 1663 1634 Athenae
1708 1568 1797 1633 sic
1842 1567 2096 1633 Atticae
2126 1584 2239 1633 nec
2268 1565 2491 1632 Musae
2520 1567 2613 1632 sic
2644 1570 2911 1636 musicae
2928 1589 2969 1630 ιο

650 1674 1116 1752 iudicabuntur,
1163 1673 1219 1738 si
1262 1671 1444 1737 modo
1495 1670 1658 1736 mihi
1702 1671 1807 1736 uel
1852 1670 2146 1736 censendi
2207 1669 2446 1754 copiam
2490 1670 2739 1737 desidia
2782 1673 2909 1738 lon-

649 1779 786 1862 gior
830 1796 956 1843 non
1000 1776 1253 1842 ademit.
1321 1793 1466 1839 nam
1515 1774 1667 1850 dum
1711 1774 1995 1855 inpactae
2038 1773 2443 1856 professionis
2488 1775 2760 1840 obtentu
2804 1795 2913 1840 no-

649 1900 804 1946 uum
849 1879 1165 1946 scribendi
1223 1896 1463 1943 morem
1516 1877 1835 1962 gradatim
1892 1876 2111 1960 adpeto
2156 1879 2220 1942 et
2263 1877 2542 1942 ueterem
2586 1877 2913 1946 saltuatim

651 1983 924 2063 dedisco,
972 1983 1049 2047 de
1092 1983 1252 2048 bono
1299 1985 1542 2048 oratore
1585 1981 1681 2047 nil
1726 1980 1997 2064 amplius
2042 1981 2238 2046 habeo
2285 1999 2475 2064 quam
2518 1981 2685 2064 quod
2710 1983 2913 2048 malus

649 2089 837 2168 poeta
877 2085 1021 2170 plus
1051 2103 1182 2150 esse
1213 2085 1406 2167 coepi.
1481 2086 1679 2168 proin,
1711 2102 1959 2167 quaeSO‚
1993 2083 2207 2150 delicti
2236 2083 2424 2150 huius
2454 2084 2614 2152 mihi
2646 2086 2911 2170 gratiam
2928 2109 2967 2150 1⁵

652 2189 862 2270 facias‚
933 2188 1095 2271 quod
1163 2187 1610 2272 aliquantisper
1676 2187 1802 2254 mei
1868 2186 2218 2254 meminens
2282 2190 2565 2254 arentem
2618 2189 2913 2255 uenulam

650 2293 853 2358 rarius
895 2291 1142 2358 flumini
1186 2294 1297 2356 tuo
1342 2292 1593 2358 misceo.
1667 2295 1845 2358 tuam
1891 2293 2110 2358 tubam
2156 2293 2330 2357 totus
2376 2309 2501 2375 qua
2540 2293 2718 2376 patet
2751 2291 2911 2359 orbis

650 2397 786 2462 iure
840 2395 1260 2479 uenerabitur,
1321 2414 1507 2478 quam
1567 2398 1813 2462 constat
1868 2395 2191 2478 geminata
2246 2393 2551 2461 felicitate
2596 2395 2909 2477 cecinisse,

648 2499 896 2583 quando
965 2516 1080 2564 nec
1144 2498 1462 2565 aemulum
1527 2498 1803 2584 repperit
1866 2516 1980 2565 nec
2043 2497 2389 2581 aequalem,
2458 2515 2601 2565 cum
2668 2498 2909 2583 pridem

649 2622 826 2669 aures
871 2607 936 2668 et
981 2621 1088 2669 ora
1135 2604 1508 2686 populorum
1553 2622 1657 2669 me
1702 2602 1898 2669 etiam
1944 2602 2415 2668 circumferente
2444 2604 2907 2687 peruagaretur.
2925 2624 2969 2663 κο

650 2706 828 2773 nobis
871 2711 1082 2773 autem
1112 2708 1368 2791 grandis
1399 2708 1679 2785 audacia,
1730 2706 1784 2771 si
1828 2706 1931 2771 uel
1964 2706 2129 2789 apud
2158 2706 2573 2789 municipales
2604 2708 2669 2772 et
2698 2707 2911 2773 cathe-

647 2811 886 2875 drarios
955 2810 1228 2875 oratores
1296 2811 1406 2875 aut
1461 2810 1737 2876 forenses
1795 2808 2050 2875 rabulas
2106 2809 2483 2893 garriamu8‚
2545 2810 2655 2891 qui
2724 2812 2911 2875 etiam

649 2932 792 2978 cum
847 2914 1142 2994 perorant
1192 2912 1370 2979 salua
1411 2931 1566 2996 pace
1608 2912 1921 2997 potiorum
1967 2911 2159 2979 turba
2200 2913 2582 2978 numerosior
2624 2912 2912 2979 inlitera-

647 3016 912 3082 tissimis
958 3016 1159 3081 literis
1203 3017 1448 3083 uacant.
1525 3034 1671 3081 nam
1729 3018 1812 3096 te,
1870 3015 1975 3081 cui
2018 3035 2127 3082 seu
2170 3015 2443 3082 liberum
2486 3035 2596 3081 seu
2640 3016 2909 3100 ligatum

645 3120 892 3203 placeat
963 3120 1273 3185 alternare
1342 3136 1693 3193 sermonem
1768 3120 2054 3185 intonare
2130 3118 2535 3185 ambifariam
2608 3118 2905 3203 subpetit,
2922 3141 2967 3181 πε

648 3223 852 3307 pauci,
899 3241 1053 3305 quos
1097 3240 1329 3305 aequus
1374 3222 1618 3289 amauit
1660 3222 1963 3309 Iuppiter,
2008 3222 2443 3289 imitabuntur.
2518 3221 2679 3287 uale.

747 3498 815 3553 26
849 3498 1096 3568 Iuppiter
1131 3514 1233 3554 om.
1269 3514 1392 3553 cum
1427 3498 1719 3553 Sirmondo
1754 3498 2004 3552 Baretws

1569 3776 1979 3785 ———-———-—--
