3175 5050
682 420 804 486 136
1448 414 1817 469 Claudiani
1852 413 2170 469 Mamerti

680 610 844 673 eius
891 607 1038 686 rei,
1085 624 1275 689 quae
1322 605 1426 670 fit
1473 623 1803 687 semper,
1838 620 1983 685 quo
2027 603 2247 667 modo
2294 601 2649 667 societur
2682 601 2941 666 anima

677 710 1016 794 corpori,
1061 712 1148 776 ut
1191 709 1346 774 fiat
1388 709 1628 774 homo.
1704 723 1885 788 ergo
1940 723 2085 788 quo
2129 705 2351 771 modo
2398 722 2780 788 corporea
2824 722 2939 769 res
3085 700 3086 718 ¹

677 816 1305 898 incorporeaque
1375 811 1893 894 coniungitur
1958 814 2033 874 et
2100 809 2410 898 corpori
2479 810 2743 874 anima
2810 807 2939 871 mi-

678 921 944 983 scetur
986 918 1070 982 ut
1112 917 1329 982 homo
1376 914 1822 996 efficiatur,
1869 913 1987 978 ita
2029 913 2251 978 homo
2298 910 2781 978 coniunctus
2830 911 2943 976 est
3087 915 3088 994 l

678 1023 814 1087 deo
889 1026 962 1086 et
1036 1021 1301 1086 factus
1374 1020 1492 1085 est
1580 1017 1983 1085 Christus:
2059 1017 2134 1081 et
2204 1018 2462 1082 tamen
2535 1021 2622 1081 ut
2700 1014 2944 1080 fieret
2975 1033 2994 1071 ⁵

679 1123 1077 1203 ChristuS‚
1153 1124 1295 1188 duo
1368 1122 1526 1189 illa
1612 1123 2115 1204 incorporea,
2189 1120 2266 1185 id
2339 1123 2460 1186 est
2532 1121 2805 1186 anima
2880 1123 2944 1185 et

680 1229 869 1292 deus
935 1227 1269 1292 facilius
1349 1226 1730 1309 coniungi
1789 1224 2433 1307 permiscerique
2490 1225 2943 1306 potuerint,
3088 1232 3090 1391 1

677 1348 903 1413 quam
968 1330 1353 1396 miscetur
1416 1349 1565 1395 una
1623 1330 2087 1411 incorporea
2143 1326 2469 1410 aliaque
2527 1346 2943 1411 corporea,

676 1434 758 1498 id
826 1438 953 1499 est
1019 1432 1274 1498 anima
1340 1436 1415 1498 et
1479 1451 1787 1515 corpu8‚
1847 1437 1931 1496 ut
1973 1450 2303 1516 persona
2353 1430 2698 1497 hominis
2743 1431 2946 1495 exsi-

679 1537 864 1603 stat.
939 1537 1085 1602 cedo
1118 1535 1277 1602 mihi
1307 1555 1470 1601 nunc
1500 1534 1665 1619 illos,
1716 1535 1823 1618 qui
1854 1554 2048 1619 aeque
2080 1533 2313 1599 talibus
2343 1533 2629 1599 instituti
2659 1534 2739 1598 ab
2778 1534 2997 1599 hiscem
3090 1552 3092 1672 γ

679 1640 974 1705 doctrinis
1005 1639 1536 1723 degenerauerunt
1563 1655 1814 1723 pessum
1844 1639 2141 1704 facientes
2173 1638 2455 1704 salubria
2483 1655 2599 1702 sua
2626 1640 2693 1702 et
2724 1638 2946 1702 alienis

678 1743 876 1808 semet
918 1744 1114 1808 noxiis
1159 1744 1555 1810 obnoxiantes
1602 1742 1835 1808 iniusto
1896 1742 2248 1808 amantium
2293 1742 2393 1807 sui
2438 1742 2577 1807 odio
2623 1759 2696 1806 eo
2742 1759 2946 1823 usque

677 1847 971 1931 prolapsi,
1033 1848 1108 1911 ut
1165 1850 1490 1912 extraneos
1551 1846 1814 1912 mallent
1874 1865 2018 1911 cum
2079 1844 2361 1911 falsitate
2427 1844 2824 1928 praeeligere
2891 1845 2946 1909 et
3092 1870 3094 1980 1

676 1949 1053 2013 Eucherium
1099 1967 1241 2015 cum
1288 1949 1558 2015 ueritate
1604 1952 1915 2016 damnare.

765 2052 996 2117 Videas
1041 2053 1145 2117 hic
1190 2054 1346 2117 alios
1391 2054 1689 2135 quiddam
1735 2051 1970 2119 socordi
2014 2051 2325 2118 trutinare
2369 2051 2618 2131 iudicio,
2670 2050 2844 2117 alios
2886 2049 2949 2114 id
2963 2066 2997 2107 1⁵

680 2155 887 2235 ipsum
933 2158 1042 2220 aut
1087 2155 1326 2220 nescios
1371 2156 1567 2221 stulto
1612 2155 1863 2222 laudare
1908 2156 2236 2238 praeconio
2284 2159 2394 2221 aut
2424 2156 2646 2221 sciolos
2678 2155 2946 2219 subdolo
3095 2190 3096 2269 1

679 2257 879 2323 ridere
934 2275 1236 2323 consensu
1292 2259 1404 2324 hos
1447 2259 1614 2325 inter
1657 2260 1895 2343 placere
1938 2259 2059 2326 sibi
2104 2259 2310 2336 illum,
2358 2278 2543 2342 quem
2587 2276 2779 2323 nemo
2830 2257 2947 2322 nisi

679 2356 790 2426 aut
832 2362 1086 2445 ignarus
1130 2363 1414 2427 laudauit
1459 2363 1569 2427 aut
1615 2361 1897 2428 callidus.
1958 2363 2059 2427 hic
2088 2363 2214 2427 iam
2243 2363 2531 2427 feruntur
2562 2363 2638 2427 de
2669 2361 2947 2446 singulis

678 2483 804 2531 non
846 2483 955 2549 pro
1003 2467 1385 2551 meritorum,
1435 2466 1543 2532 sed
1586 2484 1699 2548 pro
1744 2468 2035 2533 uotorum
2083 2467 2409 2549 qualitate.
2433 2464 2815 2543 sententiae,
2872 2462 2946 2529 ob

676 2569 927 2634 laudem
999 2572 1395 2653 praesentum
1471 2571 1908 2653 quorumpiam
1986 2571 2348 2636 rabularum
2421 2572 2604 2652 longe
2680 2568 3002 2635 maximino
3097 2622 3098 2630 ,

679 2676 1051 2739 damnantur
1111 2678 1409 2739 auctores.
1486 2673 1631 2738 istic
1698 2674 1808 2738 ille
1866 2673 2160 2738 laudatus
2220 2692 2298 2737 ne
2357 2673 2524 2738 infra
2566 2673 2950 2737 laudantum

678 2776 967 2841 uideatur
1024 2777 1188 2841 stare
1246 2777 1570 2856 iudicium,
1633 2776 2003 2860 panniculos
2063 2777 2363 2858 quosdam
2425 2796 2497 2841 ex
2542 2775 2948 2841 diuersorum

679 2880 856 2943 uaria
896 2879 1160 2946 lectione
1205 2880 1522 2964 concerpit
1568 2880 1938 2961 eosdemque
1981 2880 2213 2945 uilibus
2265 2882 2394 2946 suis
2437 2878 2640 2946 ueluti
2674 2878 2948 2962 quibus-

681 2980 829 3045 dam
887 2984 1161 3064 stuppeis
1223 2983 1429 3047 adsuit
1487 2984 1814 3066 laceroque
1873 2984 2113 3048 uestitu
2173 2983 2412 3066 turpior
2469 2982 2654 3048 nudis
2709 2983 2949 3065 absque

681 3084 880 3149 furaci
923 3085 1328 3150 meditatione
1371 3087 1585 3152 mutus
1634 3086 2026 3169 eloquentiae
2068 3073 2368 3169 palliatus
2396 3086 2657 3151 incedit.
2727 3099 3002 3150 cernasffi

781 3357 816 3411 3
849 3359 907 3411 et
934 3373 1001 3412 ex
1025 3360 1089 3411 ut
1123 3358 1210 3422 M,
1265 3361 1325 3411 at
1360 3358 1392 3411 b
1566 3359 1597 3411 7
1633 3331 1910 3427 potuerint
1932 3359 2006 3422 Β,
2062 3342 2277 3426 1161166111
2304 3358 2477 3424 ELS,
2529 3359 2835 3427 potuerunt
2871 3357 2950 3411 H’

681 3442 799 3497 8611.
1005 3444 1040 3497 8
1074 3443 1318 3498 miscitur
1351 3442 1407 3498 R
1615 3444 1681 3498 10
1715 3444 1868 3498 credo
1909 3444 2173 3499 Galland.
2378 3445 2447 3498 11
2484 3443 2950 3511 degenerauerant

670 3530 741 3595 1⁰²
947 3528 1013 3582 12
1066 3529 1235 3583 noxiis
1285 3529 1477 3594 HM'b,
1536 3530 1685 3584 noxis
1737 3530 1857 3585 rell.
1911 3536 1963 3584 et
2016 3530 2138 3585 Sch.
2344 3529 2706 3584 animantium
2766 3529 2817 3584 G

683 3614 748 3668 13
801 3615 1121 3684 praeeligere
1174 3617 1395 3684 scripsi,
1456 3616 1754 3685 praeligere
1806 3616 2101 3673 HLMRS
2106 3617 2137 3670 b
2161 3617 2281 3671 8611.
2295 3657 2309 3681 ,
2368 3618 2585 3687 plegere
2638 3614 2948 3679 ABDEF,

678 3699 977 3769 praelegere
1031 3700 1131 3756 OG
1349 3702 1416 3756 15
1466 3702 1591 3756 111116
1644 3702 1755 3756 Mb
1975 3704 2040 3756 17
2099 3702 2265 3757 rideri
2315 3703 2397 3769 R,
2469 3704 2695 3757 laudare
2756 3703 2815 3758 G

681 3787 746 3841 18
781 3786 1009 3841 uidetur
1042 3786 1289 3841 laudabit
1323 3788 1669 3842 scribendum
1887 3788 1957 3841 20
1991 3790 2353 3857 praesentium
2388 3788 2664 3844 AEGLS
2682 3787 2811 3843 8611.

679 3874 1048 3941 quarumpiam
1077 3875 1147 3942 φ’
1170 3873 1289 3928 8611.
1471 3874 1778 3928 rabularum
1824 3874 1939 3941 OG,
1992 3874 2299 3929 fabularum
2333 3874 2447 3929 rell.
2484 3880 2538 3929 et
2574 3874 2816 3929 editores

677 3994 742 4046 21
780 3967 1017 4048 laudati‘s
1053 3994 1101 4050 8
1266 3995 1609 4050 laudantium
1649 3996 1885 4052 GL'RS
1903 3996 2052 4062 Sela,
2110 3997 2392 4051 laudatum
2410 4012 2455 4065 p
2633 3997 2705 4050 24
2740 3997 2948 4066 stupeis

677 4078 756 4144 R,
817 4079 1052 4149 struppis
1098 4082 1236 4136 coni.
1283 4082 1559 4137 Barthius
1765 4082 1945 4137 adsint
1990 4083 2064 4137 M
2072 4083 2104 4136 b
2308 4084 2447 4137 nesti
2483 4082 2540 4136 A
2748 4084 2951 4152 absque

677 4165 827 4217 metu
880 4164 1076 4219 furacis
1130 4166 1522 4222 mendicatione
1568 4168 1905 4236 eloquentiae
1950 4170 2091 4223 com'.
2134 4169 2416 4224 Bar-thius
2647 4169 2717 4224 25
2769 4172 2949 4223 metus

678 4248 752 4301 M
757 4248 788 4301 b
806 4334 818 4346 ·
885 4334 945 4389 E
994 4251 1294 4319 eloquentia
1335 4256 1402 4321 ρ*
1608 4254 1875 4323 palleatus
1924 4254 2349 4323 AGGHMRb,
2406 4256 2663 4324 pilleatus
2708 4254 2818 4310 LS

679 4350 850 4387 cernis
