3175 5050
1173 447 1536 518 Epistulae
1569 447 1753 502 duae.
2468 450 2591 518 199

336 639 664 705 committi.
735 639 895 705 illud
943 639 1286 705 etiamnum
1333 638 1619 704 dolenter
1650 639 1787 705 faxo
1815 639 2097 719 tacitum,
2142 638 2304 720 quod
2335 637 2587 705 libellos

336 743 496 818 illos,
555 760 707 825 quos
753 743 864 808 tuo
921 744 1169 809 nomine
1224 741 1542 808 nobilitari
1603 761 1727 807 non
1783 742 2025 820 abnuiS,
2072 742 2244 808 nullo
2289 761 2587 825 umquam

336 845 714 931 inpertiuisti
771 844 1111 928 rescripto?
1179 847 1286 911 sed
1345 864 1615 912 uacuum
1672 846 1832 911 forte
1889 864 2011 910 non
2072 845 2365 929 subpetit,
2421 847 2584 929 quod

336 950 472 1012 tute
535 948 848 1016 modicum
906 966 1176 1032 magnae
1231 948 1568 1014 admodum
1625 949 1930 1032 inpendas
1984 947 2320 1015 amicitiae.
2391 966 2583 1031 ecquo

290 1051 470 1116 stam
514 1069 589 1116 ex
631 1053 933 1134 occupatu
979 1070 1275 1135 umquam
1319 1052 1653 1136 uspiamue
1692 1052 2086 1135 inplicabere,
2130 1052 2282 1134 quin
2323 1047 2483 1115 illud
2515 1052 2583 1116 in

335 1152 599 1217 aliorum
644 1154 963 1219 commoda
990 1155 1322 1238 rouel-gat?
1353 1171 1494 1218 cum
1523 1157 1785 1237 precatu
1817 1154 2001 1219 deum
2035 1152 2269 1238 placas,
2314 1155 2583 1220 eundem

332 1271 454 1318 non
497 1254 681 1320 modo
727 1253 967 1333 amicis,
1009 1255 1119 1320 sed
1161 1256 1394 1340 ignotis
1449 1272 1690 1339 quoque
1734 1255 2045 1320 concilias.
2122 1274 2266 1322 cum
2312 1258 2581 1340 scriptu·

331 1373 542 1422 rarum
589 1357 952 1424 caelestium
995 1357 1299 1442 mysteria
1340 1358 1611 1438 rimaris,
1675 1376 1793 1440 quo
1839 1361 1902 1422 te
1948 1359 2285 1425 studiosius
2328 1360 2580 1440 imbuis,

333 1477 403 1524 eo
461 1460 812 1525 doctrinam
867 1461 1088 1526 ceteris
1145 1460 1454 1546 copiosius
1509 1461 1814 1526 infundis.
1891 1480 2035 1527 cum
2103 1467 2245 1528 tuas
2308 1481 2455 1546 opes
2512 1463 2583 1528 in

263 1591 314 1630 ιο
331 1581 480 1628 usus
535 1563 792 1646 inopum
849 1564 1143 1648 prodigis,
1205 1564 1324 1628 tibi
1367 1564 1623 1647 quidem
1667 1563 1955 1648 maxime,
2001 1564 2109 1630 sed
2153 1564 2295 1632 aliis
2338 1573 2580 1650 quoque

331 1666 679 1732 consultum
724 1669 897 1755 facis.
971 1666 1230 1748 proinde
1274 1667 1436 1732 nihil
1464 1667 1780 1745 uidelicet,
1828 1668 2101 1750 profecto
2132 1669 2293 1733 nihil
2322 1673 2415 1734 est
2446 1673 2582 1735 tam

329 1768 736 1836 infecundum
781 1769 1102 1836 actionum
1147 1772 1401 1834 tuarum
1445 1771 1746 1852 omnium,
1791 1772 1953 1852 quod
1996 1769 2117 1835 tibi
2146 1771 2259 1836 uni
2289 1771 2408 1837 soli
2438 1772 2581 1838 tan-

328 1873 466 1937 tum
513 1875 575 1937 et
617 1893 741 1938 non
785 1873 927 1938 aliis
959 1892 1200 1956 quoque
1229 1872 1450 1939 multis
1481 1874 1690 1937 tecum
1718 1872 2066 1938 uberiorem
2095 1874 2371 1939 fructum
2399 1874 2579 1941 ferat.

329 1975 506 2041 nulla
550 1995 695 2059 ergo
725 1976 1090 2060 cuiusquam
1120 1976 1611 2060 praepedimenti
1641 1976 1877 2042 occasio
1907 1978 2233 2059 praetendi
2276 1979 2389 2043 uel
2420 1978 2577 2044 falso

261 2103 312 2144 ιε
328 2079 550 2160 potest,
607 2098 719 2145 cur
773 2083 1017 2164 egomet
1073 2079 1366 2164 specialis
1433 2082 1621 2163 atque
1677 2079 1943 2145 intimus
2011 2080 2175 2145 nihil
2231 2100 2269 2146 a
2322 2081 2579 2165 speciali

326 2201 466 2246 meo
498 2183 694 2247 fructi
723 2182 941 2268 feram,
990 2203 1028 2250 a
1057 2202 1178 2266 quo
1210 2183 1413 2268 ignoti
1443 2203 1685 2267 quoque
1714 2185 1988 2250 multum
2018 2184 2269 2268 capiant
2297 2183 2575 2267 plurimi.

325 2284 453 2365 sed,
499 2285 596 2350 uti
641 2304 753 2369 ego
799 2287 1077 2363 autumo,
1123 2288 1296 2353 iuxta
1342 2287 1610 2352 formam
1655 2285 2009 2370 euangelici
2038 2286 2377 2372 largitoriS,
2412 2286 2577 2371 quod

325 2406 448 2453 non
504 2391 614 2454 das
673 2389 874 2456 amico
939 2375 1254 2468 esurienti,
1313 2389 1493 2454 dabis
1556 2389 1817 2472 inprobo
1884 2391 2205 2478 pulsatori.
2279 2408 2457 2473 porro
2520 2390 2576 2456 si

326 2493 673 2559 etiamnum
729 2493 913 2560 solito
970 2492 1351 2571 obdurueriS,
1411 2491 1607 2558 faxim
1664 2493 1912 2578 egomet
1968 2493 2132 2575 quod
2187 2493 2317 2558 tete
2359 2496 2577 2578 paeni·

247 2620 306 2663 so
324 2596 513 2663 tebit:
545 2597 843 2679 quoniam
872 2600 923 2663 si
954 2596 1232 2679 peccabis
1263 2596 1433 2661 ultra
1473 2596 1813 2675 reticendo,
1846 2613 1962 2681 ego
1991 2595 2277 2679 protinus
2307 2596 2577 2663 ulciscar

323 2699 661 2767 scribendo.
734 2719 914 2785 porro
959 2701 1128 2765 enim
1170 2699 1461 2783 ambiguo
1509 2704 1678 2765 caret
1723 2704 1855 2765 tam
1898 2700 1961 2765 te
2003 2699 2389 2782 puniendum
2419 2698 2575 2765 scri-

322 2807 428 2887 pto
473 2821 628 2883 meo,
677 2821 866 2885 quam
911 2804 1134 2886 punior
1177 2806 1427 2887 egomet
1471 2803 1719 2869 silentio
1765 2805 1897 2870 tuo.
1972 2801 2132 2869 uale.

423 3128 450 3181 l
501 3127 666 3181 etiam
712 3142 819 3182 non
859 3127 919 3182 D
1124 3128 1158 3182 2
1205 3100 1396 3183 abnuis
1443 3130 1524 3195 A,
1577 3127 1773 3183 annuis
1817 3126 1936 3183 rell.
2140 3127 2175 3182 3
2216 3127 2572 3198 impartiuisti

313 3264 350 3317 b
552 3266 590 3318 4
633 3264 728 3318 hec
764 3279 868 3333 quo
902 3264 1102 3330 BDE',
1159 3264 1394 3335 haecquo
1428 3266 1485 3321 A
1693 3264 1759 3320 10
1803 3218 2023 3334 inopiesdu'
2069 3265 2125 3318 A
2329 3278 2571 3319 maxume

313 3367 372 3421 B
549 3368 617 3421 13
639 3366 853 3421 uberem
875 3367 1112 3422 ABDE
1283 3366 1348 3423 15
1379 3370 1508 3421 tuus
1537 3371 1663 3435 post
1697 3367 1927 3420 intimus
1961 3364 2091 3421 add.
2115 3372 2249 3421 wett.
2273 3366 2429 3421 editt.

317 3470 384 3524 19
427 3472 591 3524 etiam
627 3474 700 3523 nii
746 3471 827 3536 A,
887 3474 942 3524 et
977 3473 1218 3525 iamnum
1263 3468 1346 3534 Ε,
1405 3471 1568 3524 etiam
1604 3468 1674 3525 n'c
1717 3470 1786 3534 Ο,
1847 3468 2009 3523 etiam
2044 3483 2152 3523 non
2195 3468 2339 3537 BD,
2399 3472 2566 3524 etiam

311 3590 457 3629 nunc
492 3575 523 3629 b
727 3573 1000 3643 poeniteat
1033 3566 1166 3629 ufett.
1203 3572 1355 3628 editt.
1558 3574 1630 3627 ’ΔΟ
1673 3571 1913 3643 peccabis
1958 3572 2087 3641 AD,
2146 3573 2377 3643 peccatis
2424 3574 2567 3641 rell..

310 3677 543 3748 peccaris
579 3676 611 3733 b
