3175 5050
2507 486 2632 532 XXI

379 672 510 719 non
563 653 973 731 amitteretur,
1033 652 1200 716 unde
1241 652 1416 734 patet
1467 671 1598 715 non
1640 656 1983 716 moreretur
2033 655 2142 735 (sc.
2192 653 2442 736 anima)
2495 672 2631 718 om-

378 759 526 821 nino
571 757 720 820 ferri
765 773 888 820 non
931 771 1110 837 posse
1145 755 1218 835 ²),
1277 755 1401 820 nisi
1457 755 1617 819 forte
1673 755 1899 820 statuis
1959 773 2173 820 uocem
2222 775 2442 836 corpus
2486 759 2631 821 ante

379 879 509 924 mm
562 859 964 924 intercidisse.
1040 859 1147 922 sed
1194 877 1268 922 ne
1329 857 1424 922 ita
1480 859 1752 941 quidem,
1814 860 1947 922 siue
2004 879 2224 941 corpus
2282 879 2431 937 non,
2500 863 2631 926 siue

379 981 558 1025 nemo
591 960 938 1039 scribimus,
977 960 1146 1024 iusta
1177 961 1484 1026 sententia
1513 979 1766 1042 prorsus
1798 965 2159 1044 recuperata
2188 981 2315 1026 esse
2346 965 2627 1044 uidetur3

383 1081 565 1129 sensu
627 1065 789 1128 enim
837 1066 1046 1128 carent
1093 1062 1286 1127 uerba
1327 1082 1438 1126 nec
1496 1063 1819 1126 amittitur
1862 1065 2025 1145 quod
2068 1083 2196 1128 non
2239 1069 2505 1132 tenetur.
2574 1067 2633 1130 si

378 1167 549 1231 enim
590 1170 849 1242 tenetur,
897 1185 1024 1228 non
1054 1165 1394 1244 amittitur,
1434 1167 1580 1247 quia
1624 1167 1773 1230 haec
1816 1168 2095 1232 aduersis
2126 1167 2433 1233 frontibus
2464 1171 2631 1234 inter

381 1288 450 1334 se
493 1270 793 1351 pugnant,
851 1286 993 1332 cum
1045 1270 1248 1349 priore
1305 1269 1650 1333 sententiae
1692 1270 1869 1350 parte
1916 1288 2041 1334 non
2087 1271 2295 1334 amitti
2338 1271 2422 1350 id,
2470 1275 2629 1354 quod

380 1390 501 1436 non
550 1375 856 1455 teneatur,
915 1373 979 1435 et
1021 1371 1356 1453 posteriore
1424 1388 1544 1435 non
1604 1373 1813 1436 amitti
1874 1371 2132 1454 aliquid,
2202 1375 2256 1438 si
2323 1377 2627 1455 teneatur,
2687 1392 2692 1396 ·

381 1475 645 1540 dicatur.
691 1475 886 1556 igitur
916 1475 1027 1537 aut
1071 1473 1137 1537 in
1181 1494 1313 1537 non
1356 1477 1599 1538 tenetur
1645 1479 1753 1539 aut
1796 1475 1863 1538 in
1908 1495 2041 1539 non
2084 1476 2407 1540 amittitur
2451 1499 2629 1542 men-

381 1581 533 1642 dum
598 1581 799 1643 inesse
865 1578 1056 1660 patet.
1135 1577 1324 1642 uerba
1388 1596 1519 1640 non
1561 1581 1801 1640 tenetur
1858 1579 2182 1660 quominus
2228 1583 2629 1662 temptemUS‚

381 1681 822 1764 impedimento
889 1682 1036 1746 sunt
1105 1699 1262 1762 quae
1325 1681 1603 1762 proxime
1662 1683 2071 1746 antecedunt:
2130 1700 2260 1744 non
2296 1683 2632 1765 ,cyreditur

383 1784 552 1866 quod
593 1805 752 1848 non
794 1784 1276 1848 includitur.
1322 1785 1533 1866 itaque
1577 1783 1771 1848 uerba
1800 1804 1931 1848 non
1962 1785 2284 1848 amittitur
2313 1790 2631 1852 mutemus

383 1907 624 1953 necesse
671 1889 764 1952 est
805 1889 870 1951 ct
913 1889 1082 1951 ultro
1119 1905 1253 1952 sese
1296 1887 1478 1950 offert
1521 1889 1885 1964 emendatio,
1935 1889 1991 1952 si
2034 1888 2447 1952 conclusionis
2496 1908 2629 1960 car-

387 1993 600 2056 dinem
643 1994 706 2055 in
752 2009 820 2055 eo
850 1991 1014 2056 uerti
1059 1991 1443 2073 reputamuS‚
1491 1996 1562 2055 ut
1609 1991 1885 2056 animam
1929 2010 2056 2057 non-
2100 1992 2312 2057 amitti
2356 2011 2629 2075 corpore,

382 2097 486 2172 sed
530 2096 767 2159 dimitti
813 2095 1291 2158 demonstretur.
1360 2095 1722 2158 dimittendi
1768 2096 1978 2159 autem
2022 2097 2284 2160 uerbum
2331 2113 2453 2160 non
2497 2115 2632 2161 am-

382 2199 547 2280 plius
591 2199 658 2261 111
703 2196 1031 2262 Claudiani
1075 2196 1553 2262 ratiocinatione
1600 2199 1931 2279 comparet,
1979 2201 2139 2279 quod
2169 2199 2224 2261 si
2254 2199 2466 2263 nostro
2496 2199 2631 2262 1000

381 2301 697 2378 restituae,
745 2301 952 2364 omnia
988 2303 1153 2364 recte
1183 2317 1248 2362 se
1279 2299 1528 2364 habent.
1577 2299 1969 2365 scribendum
2000 2301 2193 2383 igitur
2224 2303 2347 2366 est:
2378 2301 2435 2364 si
2464 2301 2633 2364 enim

381 2407 646 2486 tenetur,
691 2422 822 2466 non
863 2401 1354 2478 dimittitur,
1421 2406 1478 2465 et
1521 2401 1578 2466 si
1620 2421 1751 2466 non
1807 2402 2383 2481 dimitteretur,
2450 2423 2631 2466 nemo

381 2509 740 2572 moreretur.
771 2525 915 2570 nam
941 2505 1132 2571 etiam
1161 2507 1428 2571 alterum
1451 2525 1579 2569 mm
1603 2505 1996 2569 amitteretur
2019 2524 2149 2571 esse
2174 2509 2542 2572 mutandum
2562 2506 2630 2571 in

382 2628 514 2673 non
584 2609 997 2673 dimitteretur
1068 2610 1210 2673 inde
1283 2609 1559 2690 apparet,
1641 2609 1801 2690 quod
1874 2627 1996 2673 non
2070 2609 2281 2673 amitti
2354 2609 2629 2675 animam

385 2712 914 2777 demonstraturus
959 2716 1096 2776 erat
1139 2711 1422 2793 scriptor,
1469 2714 1635 2777 unde
1680 2730 1799 2775 non
1844 2713 2090 2793 poterat
2120 2713 2357 2777 dicere:
2402 2713 2461 2775 si
2504 2732 2633 2777 non

383 2816 793 2901 amitteretur,
839 2834 1018 2879 nemo
1063 2817 1426 2879 moreretur.
1502 2819 1568 2879 at
1615 2814 1912 2895 quoniam
1955 2814 2195 2878 dimitti
2240 2834 2373 2879 03111
2426 2818 2629 2879 osten-

383 2919 528 2983 dere
592 2919 754 2994 uult,
821 2918 1164 2982 rectissime
1228 2916 1288 2981 si
1355 2937 1480 2980 non
1543 2917 1979 2996 dimitteretur,
2049 2937 2227 2981 nemo
2288 2920 2633 2981 moreretur

385 3021 788 3085 ratiocinatus
844 3022 956 3096 est,
1026 3038 1212 3102 quam
1283 3019 1361 3084 ad
1424 3022 1803 3085 sententiam
1872 3021 2017 3101 apte
2084 3020 2305 3085 referri
2370 3022 2631 3101 possunt

383 3124 574 3187 uerba
619 3122 826 3201 Statii,
874 3140 1031 3205 quae
1074 3126 1290 3187 statim
1321 3127 1703 3205 sequuntur:
1736 3124 2019 3203 corporis
2046 3142 2233 3187 usum
2262 3122 2631 3187 desertorem

385 3226 610 3300 animi,
678 3226 787 3291 ubi
853 3217 1096 3307 tcorpus
1134 3226 1434 3291 deserere
1491 3217 1795 3289 animum²
1858 3230 2068 3292 eodem
2133 3226 2313 3291 modo
2381 3227 2627 3303 dicitur,

385 3347 506 3413 quo
551 3328 875 3397 Claudiani
918 3330 1049 3395 loco
1081 3321 1326 3413 ‘corpus
1373 3330 1693 3394 dimittere
1737 3329 2029 3406 animam}
2080 3330 2183 3411 (cf.
2236 3329 2334 3407 73,
2387 3330 2467 3393 14
2497 3348 2629 3393 cer-

386 3433 492 3497 nis
519 3485 534 3499 .
562 3484 577 3500 .
631 3434 840 3498 uitam
888 3434 1099 3514 potius
1143 3454 1186 3496 a
1229 3453 1482 3515 corpore
1530 3433 1823 3517 deseri,
1870 3452 2063 3513 quam
2118 3452 2339 3512 corpus
2394 3453 2437 3495 a
2488 3434 2629 3495 uita

386 3536 722 3621 dimitti,
793 3537 906 3601 ubi
964 3542 1222 3619 utroque
1289 3539 1476 3602 uerbo
1541 3538 1713 3603 idem
1770 3534 2104 3617 significari
2161 3553 2281 3599 11011
2327 3539 2421 3600 est
2466 3537 2629 3619 quod

387 3638 721 3721 moneam).
780 3641 903 3704 iam
959 3658 1105 3702 uero
1165 3658 1304 3703 cum
1363 3640 1527 3703 istud
1584 3638 1879 3703 mendum
1947 3637 2231 3701 omnibus
2300 3635 2628 3701 Claudiani

382 3740 568 3807 libris
625 3760 950 3805 commune
1004 3744 1106 3817 sit,
1165 3741 1482 3825 archetypi
1537 3740 1847 3805 librorum
1904 3741 2253 3805 nostrorum
2300 3739 2625 3803 librarium

385 3844 512 3910 iam
573 3862 808 3908 errasse
859 3846 1257 3910 statuendum
1301 3846 1418 3921 est,
1473 3846 1578 3925 qui
1624 3861 1792 3909 error
1836 3844 2019 3909 facile
2066 3842 2379 3925 explicari·
2398 3843 2625 3924 potest,

589 4134 628 4203 ¹)
665 4136 732 4189 Id
768 4134 1024 4187 Barthius
1061 4136 1167 4188 iam
1193 4135 1457 4204 perspexit
1493 4138 1549 4187 et
1581 4135 1633 4189 si
1668 4135 2030 4199 amitteretur,
2066 4138 2369 4187 moreretur
2392 4130 2625 4199 scripsit,

383 4236 517 4289 quae
562 4220 737 4285 uerba,
788 4220 929 4289 quod
973 4220 1040 4273 ad
1087 4210 1294 4273 sensum
1331 4220 1558 4284 adtinet,
1607 4223 1748 4273 recte
1784 4236 1839 4272 se
1873 4218 2084 4283 habent,
2136 4216 2225 4271 sed
2260 4233 2379 4271 cum
2415 4217 2472 4269 in
2510 4232 2627 4270 0011-

383 4308 617 4361 clusione
669 4304 1010 4374 praecedente
1063 4308 1232 4359 exstet
1277 4322 1392 4359 ‘non
1429 4306 1720 4371 amittitwr,
1776 4306 1937 4357 etiam
1986 4304 2044 4357 111
2088 4303 2382 4366 enuntiato,
2421 4301 2485 4355 de
2519 4317 2623 4369 qno

381 4394 608 4463 agimuS,
647 4396 868 4461 negatio
905 4390 1252 4447 desideratur.
