3175 5050
677 387 802 453 104
1445 383 1814 441 Claudiani
1850 384 2167 439 Mamerti

676 575 958 659 iusteque
1003 574 1232 639 maluit
1275 576 1530 655 propter
1561 573 2043 641 similitudinem
2073 572 2367 637 creatoris
2398 571 2743 639 sublimare
2774 592 2962 638 crea-

675 682 902 759 turam,
973 696 1160 760 quam
1212 681 1464 760 propter
1519 676 1777 743 eandem
1834 675 2321 741 similitudinem
2374 675 2709 741 humiliare
2766 694 2961 743 erea-

674 787 875 852 torem
919 782 1091 847 certo
1137 797 1509 864 cognoscens
1555 780 2079 847 indissolubiliter
2122 798 2369 857 nexum,
2407 780 2482 844 ut
2536 779 2659 844 duo
2706 779 2963 845 similia

681 890 789 949 aut
835 886 1100 968 utraque
1154 887 1516 968 incorporea
1543 886 1674 949 sint
1705 888 1815 949 aut
1846 886 2109 967 utraque
2140 901 2448 968 corporea.
2519 902 2654 949 esse
2696 901 2958 965 quoqne

677 988 743 1053 in
799 989 982 1055 rebus
1041 987 1458 1054 substantiuis
1518 990 1821 1071 quaedam
1874 1006 1999 1053 non
2056 986 2261 1053 solum
2314 985 2525 1070 speeie
2581 986 2957 1069 dissimilia,
2996 1018 3021 1057 5

677 1090 784 1155 sed
829 1090 1022 1155 etiam
1063 1090 1344 1160 naturali
1401 1089 1618 1173 uigore
1674 1091 2006 1172 contraria,
2054 1095 2125 1156 ut
2170 1108 2331 1174 aqua
2374 1091 2481 1181 uel
2522 1090 2783 1155 flamma
2824 1095 2953 1169 est,

676 1195 740 1259 et
781 1194 933 1261 haee
998 1195 1216 1259 tamen
1256 1212 1391 1259 esse
1449 1211 1745 1276 corporea
1795 1199 1985 1277 atque
2033 1194 2179 1259 hino
2236 1193 2471 1259 mirum
2516 1194 2667 1273 fore,
2720 1197 2777 1259 si
2818 1194 2953 1259 duo

677 1297 1007 1366 dissimilia
1051 1298 1391 1380 eademque
1437 1298 1773 1377 contraria,
1818 1300 1893 1365 ut
1937 1299 2033 1365 est
2078 1316 2239 1381 aqua
2280 1298 2385 1363 uel
2413 1296 2691 1375 flamma,
2724 1316 2951 1381 eorpo-

680 1420 786 1467 rea
824 1401 1018 1467 simul
1062 1418 1192 1465 esse
1233 1401 1478 1485 possint
1525 1402 1591 1467 et
1656 1401 1776 1467 duo
1822 1402 2059 1468 similia
2102 1402 2442 1485 eademque
2489 1401 2950 1481 conuenientia,

684 1506 846 1588 quod
903 1508 998 1570 est
1053 1507 1205 1569 deus
1261 1508 1326 1569 et
1386 1505 1620 1585 anima,
1684 1505 2045 1589 incorporea
2098 1504 2295 1571 simul
2337 1524 2469 1571 esse
2512 1524 2635 1571 non
2678 1506 2953 1592 possint.
2974 1538 3018 1577 m

1740 1778 1870 1861 III.

683 1966 1136 2015 PHILOSOPHJS
1194 1966 1482 2015 GRAECIS
1541 1968 1799 2017 VTITVR
1852 1966 2173 2016 TESTIBVS
2228 1968 2323 2015 DE
2382 1966 2761 2019 CORPOREIS
2812 1970 2955 2017 VEL

683 2069 1138 2119 INCORPOREIS
1201 2072 1584 2119 EXEMPLVM
1655 2072 1915 2119 CAMELI
1968 2073 2058 2119 ET
2112 2070 2467 2120 FORMICAE
2518 2071 2953 2121 PROPONENS.

772 2208 976 2273 Huius
1022 2208 1189 2273 modi
1221 2210 1415 2293 igitur
1444 2209 1795 2274 rationibus
1843 2210 2155 2274 utentium
2208 2210 2715 2293 philosophorum
2748 2211 2958 2291 quoad

685 2310 861 2393 potui
920 2311 1342 2377 uoluminibus
1397 2312 1755 2396 perdagatis
1812 2312 2185 2397 ignobilium
2254 2312 2438 2394 plebe
2504 2312 2740 2379 reiecta
2783 2312 3016 2396 poti-1⁵

687 2432 822 2479 ores
853 2432 1124 2497 quosque
1148 2415 1370 2499 delegi,
1404 2417 1512 2499 qui
1536 2416 1797 2482 ueritati
1826 2415 1891 2481 in
1916 2418 2411 2501 praesentiarum
2434 2416 2953 2492 testificarentur,

686 2537 948 2600 quorum
992 2518 1246 2602 quidem
1292 2540 1362 2585 ex
1407 2520 1750 2586 abundanti
1796 2523 1893 2588 est
1922 2520 2197 2604 proferre
2242 2521 2610 2599 sententiaS‚
2660 2538 2785 2585 non
2830 2537 2954 2602 quo

686 2622 950 2705 propriis
997 2623 1373 2702 deliciamur,
1430 2623 1536 2688 sed
1599 2643 1719 2707 quo
1780 2627 1981 2708 magis
2038 2625 2271 2690 mirum
2326 2624 2411 2688 sit
2453 2625 2793 2690 aduersum
2840 2644 2954 2689 nos

689 2724 985 2790 dimicare
1031 2729 1274 2791 nostros
1319 2729 1383 2791 et
1427 2729 1749 2793 extraneos
1803 2745 2083 2812 pugnare
2127 2745 2238 2811 pro
2291 2727 2491 2794 nobis·
2560 2747 2759 2811 neque
2790 2728 2954 2792 mihi

687 2827 962 2910 profecto
1009 2829 1181 2894 sordi
1226 2829 1388 2894 foret
1429 2831 1724 2896 mutuum
1771 2850 1845 2896 ex
1890 2832 1991 2896 his
2024 2850 2269 2914 carpere
2302 2832 2641 2916 quippiam,
2673 2831 2799 2896 nisi
2827 2833 3016 2898 istem

689 2930 962 3013 eorporis
997 2932 1236 2997 amicus
1281 2932 1412 2996 sola
1455 2932 1870 3015 philosophici
1929 2935 2197 3000 nominis
2258 2936 2573 3002 mentione
2625 2937 2954 3002 terricula-

691 3034 906 3098 menta
947 3035 1251 3116 quaedam
1298 3034 1478 3100 nobis
1523 3036 1824 3102 scientiae
1878 3037 2289 3118 profundioris
2346 3039 2810 3108 ostentauisset.
2884 3060 2953 3104 ex

796 3308 827 3360 1
863 3308 1072 3378 isteque
1108 3309 1140 3362 b
1334 3300 1483 3364 aliud
1518 3310 1595 3364 M
1624 3309 1687 3363 in
1722 3315 1901 3374 textu,
1959 3311 2157 3368 maluit
2190 3311 2285 3366 Μ’
2319 3313 2381 3367 in
2415 3329 2608 3383 mam„
2660 3319 2951 3388 utramque

691 3407 879 3448 uocem
915 3395 1171 3450 exarauit
1206 3395 1238 3448 b
1441 3395 1476 3448 5
1522 3411 1697 3450 rerum
1745 3395 1797 3452 Cr*
2003 3397 2326 3454 substantiis
2368 3399 2949 3466 &substancialibus

692 3479 768 3532 M
797 3493 937 3534 corr.
973 3480 1038 3532 in
1071 3495 1262 3549 ‘mam-9„
1301 3481 1332 3534 b
1531 3481 1760 3549 speeiem
1793 3483 2006 3548 ABH1,
2060 3499 2161 3538 om.
2198 3483 2254 3542 R
2460 3487 2493 3540 6
2527 3488 2951 3542 ut—oontraria

693 3580 794 3618 om.
841 3563 894 3618 G
1083 3565 1164 3634 ut]
1204 3569 1301 3620 aut
1335 3567 1392 3622 R
1587 3569 1819 3638 flamma]
1856 3567 2078 3623 flumina
2112 3570 2167 3626 R
2375 3569 2406 3623 7
2441 3571 2651 3644 tamen]
2689 3577 2724 3626 fi
2762 3573 2819 3627 A

691 3651 725 3704 8
775 3649 1015 3720 flamma]
1059 3649 1284 3705 flumina
1329 3653 1386 3708 R
1591 3655 1627 3706 9
1672 3654 1837 3706 simul
1882 3671 1983 3710 om.
2020 3656 2150 3710 libri
2176 3663 2404 3725 praeter
2442 3657 2571 3712 GM
2602 3664 2655 3713 et
2691 3658 2817 3714 Sela.

690 3737 829 3807 esse]
876 3753 983 3791 non
1027 3736 1160 3804 add.
1206 3737 1262 3792 Δ
1465 3739 1639 3807 possit
1684 3730 1781 3805 R‚‘
1824 3746 2041 3808 possent
2087 3741 2379 3796 ABDEF
2396 3743 2519 3798 θοὴ.
2730 3743 2799 3800 12
2844 3761 2950 3800 oor-

690 3858 1248 3928 porea—inoorporea
1293 3858 1422 3913 libri
1629 3859 1697 3914 14
1742 3832 1883 3930 qu⁰ad
1928 3861 2025 3924 M,
2084 3877 2189 3930 quo
2236 3865 2298 3916 ut
2346 3863 2376 3918 b
2392 3903 2405 3928 ,
2466 3863 2606 3932 quod
2647 3869 2738 3933 φ’,
2799 3869 2951 3935 prout

695 3945 966 3998 Barthius
1175 3945 1241 4000 15
1287 3947 1590 4013 peragratis
1624 3947 1695 4014 1³²
1899 3947 2164 4002 nobilium
2192 3950 2263 4018 22²
2467 3949 2685 4020 reiecta]
2721 3953 2780 4005 te
2813 3952 2951 4006 iacta

694 4032 751 4087 R
941 4030 1008 4084 16
1043 4029 1226 4098 delege
1261 4029 1318 4085 R
1508 4031 1574 4084 17
1611 4031 1981 4088 habundantia
2014 4033 2111 4099 M,
2172 4033 2503 4088 abundantia
2538 4035 2637 4090 Rb
2814 4039 2951 4108 quod

693 4115 770 4170 M
776 4115 808 4168 b
1015 4115 1082 4168 18
1117 4113 1423 4170 deficiamus
1456 4115 1822 4173 D¹E¹G²Mb
1848 4118 1971 4174 Βοὴ.
2180 4119 2319 4188 quod
2362 4119 2437 4174 M
2468 4119 2703 4174 editores
2728 4129 2953 4192 praeter

687 4239 758 4306 1⁰²
929 4237 999 4289 20
1033 4253 1244 4305 carpere
1281 4238 1420 4300 Mb,
1481 4253 1665 4307 capere
1699 4241 1814 4296 rell.
1852 4246 1906 4296 et
1942 4240 2063 4296 Βοὴ.
2236 4241 2302 4296 21
2341 4211 2745 4298 terrieulameta
2780 4241 2825 4298 δ’

693 4323 764 4375 22
797 4322 1162 4390 profundiores
1197 4323 1393 4379 BH¹R
