3175 5050
2562 5 3121 146 Ἤ,

627 443 752 510 196
1396 439 1768 495 Claudiani
1808 439 2117 494 Mamerti

619 647 936 698 summum
989 631 1241 714 bonum,
1303 649 1342 696 a
1409 648 1530 712 quo
1588 629 1757 696 facta
1812 633 1957 695 sunt
2011 630 2221 696 omnia
2279 646 2603 713 corporum
2665 647 2890 713 genera

622 736 803 810 bona,
847 734 1056 816 ipsum
1102 731 1182 819 <a
1214 731 1375 819 quo>
1424 732 1823 798 rationalium
1868 751 2097 816 magna
2142 735 2329 798 bona:
2397 732 2681 815 relinque
2729 733 2886 798 bona

619 838 684 900 et
742 852 972 918 magna
1025 835 1193 899 bona
1249 836 1310 900 et
1366 853 1685 901 summum
1737 836 1969 902 bonum
2014 851 2156 900 ama
2199 834 2586 919 simplexque
2628 833 2885 916 bonum,

617 936 686 1004 id
742 939 838 1003 est
890 939 1069 1021 pater
1127 941 1191 1004 et
1247 937 1416 1004 filius
1475 938 1540 1003 et
1585 939 1848 1021 spiritus
1906 937 2179 1018 sanetus,
2226 937 2478 1004 trinitas
2522 938 2680 1004 haee
2724 956 2887 1003 unus

619 1041 792 1108 deus·
858 1043 921 1106 et
963 1045 1175 1108 tamen
1215 1042 1308 1106 sio
1350 1041 1741 1124 diligendum
1786 1044 1885 1106 est
1928 1058 2149 1126 eorpus
2194 1041 2307 1106 aut
2334 1041 2619 1126 spiritus,
2666 1059 2887 1108 secun·
2928 1064 2953 1104 ε

620 1145 774 1211 dum
818 1146 982 1228 quod
1028 1144 1350 1230 diligenda
1391 1147 1562 1220 sunt,
1610 1145 1775 1211 sicut
1818 1144 2072 1228 quidam
2117 1143 2544 1210 nobilissimus
2580 1147 2892 1211 tractator

617 1239 974 1315 sanctarum
1003 1249 1452 1330 seripturarum
1485 1246 1671 1312 dixit:
1711 1248 2093 1330 quattuor
2125 1266 2371 1330 pones
2406 1247 2891 1314 dilectionis

617 1350 978 1436 regulae,
1054 1351 1254 1435 quod
1327 1370 1562 1434 supra
1631 1369 1799 1434 noe,
1874 1350 2071 1434 quod
2142 1349 2365 1417 iuxta
2436 1368 2607 1430 noe,
2684 1351 2894 1435 quod

619 1473 783 1534 noe,
832 1453 1032 1538 quod
1074 1453 1286 1519 infra
1328 1472 1483 1519 nos.
1545 1454 1882 1536 diligamus
1914 1472 2059 1538 ergo
2085 1453 2248 1520 illud
2278 1473 2599 1520 summum
2629 1453 2889 1533 bonum,

621 1554 786 1641 quod
852 1573 1045 1640 supra
1100 1573 1210 1622 nos
1270 1555 1367 1621 est
1420 1572 1542 1620 non
1586 1555 1721 1621 loeo
1767 1555 2023 1634 ordinis,
2070 1557 2178 1622 sed
2224 1558 2503 1638 naturae,
2574 1557 2724 1638 quia
2764 1575 2894 1624 non
2910 1577 2957 1618 ιο

615 1659 824 1744 potest
866 1659 1195 1742 coaequari
1240 1658 1528 1724 ereatura
1583 1659 1865 1724 creatori.
1939 1659 2109 1724 solus
2154 1660 2323 1724 enim
2362 1657 2533 1724 filius
2580 1676 2889 1744 coaequa-

617 1765 724 1828 tur
764 1762 949 1847 patri,
994 1761 1286 1828 similiter
1316 1765 1381 1828 et
1409 1762 1667 1846 spiritus
1711 1761 1986 1840 sanetus,
2031 1762 2180 1845 quia
2209 1780 2333 1829 non
2377 1767 2527 1830 sunt
2571 1767 2887 1848 creatura,

617 1865 729 1931 sed
771 1864 938 1931 inter
981 1883 1082 1931 eos
1127 1884 1256 1931 una
1297 1868 1540 1932 natura.

701 2050 908 2128 Haeo,
975 2069 1131 2134 quae
1197 2051 1375 2117 breui
1433 2069 1719 2119 sermone
1776 2051 2156 2138 digessimus
2172 2101 2191 2131 ‚
2250 2054 2579 2138 subposita
2634 2054 2893 2140 pictura

617 2153 1037 2222 demonstrat:
2910 2183 2955 2224 ιε

1242 2553 1532 2615 mouetur
1575 2549 1712 2616 sine
1755 2554 2034 2635 tempore
2081 2551 2146 2615 et
2190 2552 2345 2617 loeo.

1241 2445 1557 2494 summum
1614 2427 1848 2494 bonum
1890 2429 2027 2495 sine
2072 2430 2402 2514 qualitate.

945 2533 1114 2598 Deus

1161 2429 1199 2736 ἰ
1241 2670 1483 2736 iudioat
1528 2670 1595 2735 et
1637 2688 1760 2735 non
1802 2668 2140 2738 iudicatur.
3116 2606 3119 2741 >

1237 2960 1543 3026 magnum
1588 2942 1825 3007 bonum
1869 2960 2012 3008 eum
2056 2943 2383 3027 qualitate.

847 3041 1118 3126 Spiritus
1159 2942 1196 3246 ε
1239 3064 1528 3128 mouetur
1569 3062 1638 3128 in
1682 3065 1968 3145 tempore
2011 3064 2145 3131 sine
2188 3067 2346 3133 loco.
2902 3100 2951 3142 ,ο
3112 3070 3114 3198 ἱ

1239 3180 1478 3247 iudicat
1520 3182 1586 3246 et
1627 3180 1956 3248 iudicatur.

1241 3450 1470 3517 bonum
1519 3471 1663 3518 oum
1708 3454 2013 3537 qualitate
2058 3459 2121 3521 et
2165 3458 2545 3539 quanti-tate.

881 3550 1115 3637 GOI'PUS
1160 3453 1198 3759 ἰ
1239 3573 1528 3638 mouetur
1571 3573 1856 3640 localiter
1902 3576 1966 3641 et
2009 3578 2459 3660 temporaliter.
3108 3556 3111 3656 Ι

1240 3710 1353 3759 nee
1397 3693 1639 3760 iudicat
1681 3699 1746 3760 et
1789 3695 2121 3764 iudicatur.

691 4011 751 4064 ‘2
791 4027 825 4065 a
859 4027 964 4081 quo
1000 4010 1227 4079 addidi,
1281 4030 1383 4069 om.
1418 4015 1492 4070 M
1693 4016 1951 4089 relinque]
1986 4035 2044 4073 re
2079 4020 2269 4089 utique
2304 4023 2544 4080 editores
2750 4029 2786 4083 3
2818 4032 2877 4083 et

613 4138 747 4187 ante
782 4148 1051 4188 summum
1098 4150 1199 4189 om.
1240 4136 1506 4197 Galland.
1712 4140 1745 4194 5
1792 4140 1911 4208 aut]
1962 4142 2018 4194 et
2062 4140 2299 4199 editores
2500 4148 2537 4202 9
2582 4149 2728 4218 ergo]
2775 4135 2877 4205 no's

612 4253 745 4311 add.
796 4255 873 4308 M
1070 4257 1140 4311 14
1188 4258 1365 4329 figura
1418 4260 1654 4317 editores
1862 4263 1931 4319 15
1974 4262 2330 4337 demonstrat]
2374 4283 2518 4337 quae
2558 4278 2875 4341 sequuntur

609 4358 709 4411 hoe
743 4356 900 4411 modo
933 4358 1000 4413 in
1034 4359 1110 4413 M
1135 4360 1348 4417 tradita
1379 4368 1536 4417 swnt:
