3175 5050
979 435 1070 490 De
1106 438 1299 492 statu
1335 435 1599 491 animae
1640 435 1731 492 ΙΙΙ
1769 437 1852 492 16.
2425 437 2551 506 185

1320 723 1514 809 XVI.
1557 831 1562 840 ,

485 909 943 996 ‘svrnn‘ronvn
987 933 1062 982 m
1105 933 1315 982 manvi
1366 931 1919 981 RECAP1rvLAr10
1961 931 2335 983 mnnoavu.

371 1071 604 1138 Verum
651 1073 940 1155 quoniam
985 1073 1208 1152 multa,
1264 1090 1423 1154 quae
1469 1073 1584 1138 sub
1630 1070 1889 1138 huiusce
1932 1071 2317 1139 discussione
2362 1090 2555 1155 quae-

288 1173 513 1241 stionis
557 1174 774 1240 ubiubi
819 1174 1300 1258 disputauimus‚
1346 1192 1470 1240 non
1515 1193 1712 1258 usque
1755 1174 2029 1240 faciliter
2072 1174 2377 1241 memoria
2406 1193 2555 1240 con-

245 1278 482 1362 splecti
535 1277 821 1363 cognitor
876 1279 1106 1360 potest,
1167 1295 1325 1361 quae
1381 1280 1653 1360 sparsim
1694 1278 2068 1344 edissertata
2109 1295 2407 1362 quaeque,
2452 1278 2553 1344 uti

287 1382 576 1462 arbitror,
612 1381 820 1448 euicta
861 1382 1006 1448 sunt
1047 1381 1360 1448 collectim
1401 1381 1795 1464 strictimque
1842 1383 1907 1448 et
1950 1385 2145 1450 ueluti
2189 1381 2547 1466 punctatim

289 1485 405 1550 sub
471 1485 698 1552 mentis
756 1485 1008 1552 oculum
1065 1483 1280 1571 redegi
1302 1553 1306 1558 ,
1331 1485 1398 1550 et
1450 1485 1781 1552 reuisenda
1822 1486 2012 1552 simul
2056 1486 2556 1569 renoscendaque

291 1608 590 1675 congessi.

1076 1749 1134 1812 1.
1180 1749 1287 1813 De
1333 1746 1821 1828 incorporeo.

223 1924 280 1965 ιο
379 1899 546 1966 Deus
603 1899 1002 1984 incorporeus
1058 1901 1174 1982 est,
1232 1900 1440 1984 imago
1499 1903 1715 1968 autem
1772 1901 1871 1968 dei
1929 1901 2241 1967 humanus
2286 1898 2555 1978 animus,

293 2003 588 2086 quoniam
633 2005 714 2070 ad
771 2004 1255 2072 similitudinem
1300 2009 1365 2072 et
1409 2005 1753 2090 imaginem
1810 2005 1910 2072 dei
1954 2005 2163 2072 factus
2208 2007 2305 2070 est
2348 2004 2556 2070 homo.

295 2109 608 2172 enimuero
653 2107 866 2188 imago
907 2107 1251 2191 incorporei
1297 2127 1522 2191 corpus
1567 2127 1701 2174 esse
1744 2127 1868 2174 non
1898 2110 2121 2191 potest,
2181 2107 2378 2191 igitur
2410 2109 2561 2192 quia

292 2209 504 2295 imago
561 2211 664 2276 dei
719 2212 813 2276 est
868 2212 1182 2280 humanus
1239 2211 1505 2295 animae,
1563 2213 1957 2294 incorporeus
2008 2213 2104 2276 est
2148 2213 2393 2278 animus
2437 2213 2558 2278 hu-

293 2332 535 2379 manus,

223 2505 279 2548 1⁶
1155 2477 1261 2553 ⁴2.
1309 2487 1418 2553 De
1466 2485 1651 2552 uita.

385 2639 584 2706 Omne
627 2638 896 2705 inlocale
938 2640 1369 2723 incorporeum
1415 2658 1655 2723 quoque
1700 2645 1815 2724 est,
1870 2658 2049 2723 porro
2094 2641 2229 2706 nita
2286 2641 2563 2723 corporis

295 2745 509 2811 anima
567 2746 663 2809 est
707 2746 772 2809 et
813 2742 880 2808 in
929 2760 1182 2825 corpore
1235 2744 1490 2809 uiuente
1534 2744 1669 2809 tam
1711 2744 1875 2809 uiuit
1919 2762 2069 2826 pars,
2110 2744 2372 2810 minima
2418 2762 2558 2811 cor-

294 2846 486 2933 poris,
542 2864 730 2929 quam
784 2849 988 2912 totum
1045 2864 1290 2930 corpus.
1365 2848 1613 2912 tantum
1670 2864 1814 2931 ergo
1874 2846 2047 2913 uitae
2091 2847 2157 2913 in
2200 2852 2381 2931 parte
2427 2866 2560 2913 cor-

294 2948 462 3034 poris
521 2952 634 3026 est,
697 2949 1002 3031 quantum
1044 2948 1113 3013 in
1158 2952 1292 3014 toto
1338 2967 1607 3031 corpore,
1674 2950 1739 3014 et
1803 2948 1939 3015 uita
1998 2949 2149 3016 haec
2192 2950 2400 3015 anima
2442 2951 2561 3033 est,

223 3071 412 3119 senec
453 3052 650 3119 locale
695 3056 793 3117 est
838 3054 1001 3139 quod
1045 3054 1181 3118 tam
1231 3070 1531 3137 magnum
1577 3054 1676 3117 est
1718 3052 1787 3118 in
1830 3054 1964 3117 toto
2010 3071 2200 3135 quam
2242 3053 2310 3118 in
2353 3054 2562 3135 aliquo

298 3156 366 3220 et
434 3159 568 3222 tam
633 3175 932 3239 magnum
975 3156 1045 3221 in
1087 3174 1279 3239 paruo
1347 3174 1536 3240 quam
1600 3159 1669 3221 in
1722 3173 1966 3239 magno.
2040 3174 2167 3221 non
2230 3154 2427 3239 igitur
2466 3155 2563 3223 lo-

300 3257 454 3325 calis
521 3263 615 3323 est
658 3258 929 3339 animus,
1003 3262 1065 3323 et
1133 3258 1436 3342 quidquid
1503 3258 1769 3325 inlocale
1836 3262 1932 3323 est
1998 3275 2360 3342 corporeum
2437 3276 2563 3327 non

299 3360 430 3429 estz
475 3362 670 3447 igitur
712 3364 924 3427 anima
967 3378 1186 3444 corpus
1231 3380 1355 3427 non
1396 3361 1514 3427 est.

405 3686 440 3739 3
475 3686 805 3742 discussione
839 3702 940 3743 om.
977 3686 1051 3743 M
1052 3690 1072 3719 ²
1107 3688 1395 3759 (super-ser.
1431 3702 1575 3743 man.
1611 3690 1736 3754 rec.)
1774 3688 1809 3743 b
2038 3688 2074 3743 4
2108 3687 2297 3775 noi-ubi
2334 3687 2414 3752 Β,
2469 3686 2563 3741 ubi

307 3806 468 3863 GGR
671 3806 902 3864 feliciter
937 3808 1038 3865 ιε
1238 3809 1274 3864 5
1309 3808 1595 3879 dispersim
1629 3809 1869 3875 ABEF,
1932 3808 2215 3878 dispersim
2248 3809 2316 3864 1)-
2510 3810 2568 3863 et
2668 3792 2673 3799 '

301 3928 595 3984 dissertata
637 3929 709 3983 M
750 3930 1014 3998 editores,
1074 3931 1337 3986 edisserta
1379 3931 1462 3998 A,
1521 3930 1811 3986 dissertata
1854 3932 1913 3988 R
2118 3930 2153 3985 6
2199 3914 2565 4016 ειτξιοιίῐηᾳῑιθ

303 4051 351 4106 S
360 4091 396 4125 ,1
436 4050 836 4121 districtimque
860 4053 930 4120 1⁰²
1137 4053 1168 4106 7
1217 4052 1369 4107 oculo
1414 4051 1528 4107 Mb
1735 4051 1909 4121 redigi
1961 4050 2429 4107 BDEFHLRS¹

299 4154 819 4225 recognoscendaque
875 4154 929 4211 G
952 4153 1074 4210 Βοὴ.
1314 4156 1351 4210 8
1403 4155 1675 4228 congressi
1727 4156 1782 4211 L
2037 4154 2101 4209 1‘1
2155 4154 2311 4209 uiuat
2356 4154 2430 4223 μ’

298 4280 530 4333 minima
574 4292 698 4347 pars
744 4275 792 4331 S
992 4276 1062 4331 20
1106 4291 1174 4331 ne
1219 4276 1275 4331 Β
1480 4278 1539 4331 in
1583 4282 1715 4332 ante
1760 4279 1878 4331 toto
1924 4293 2023 4336 om.
2076 4276 2121 4333 Ο
2322 4277 2387 4332 21
2436 4248 2567 4347 par'o

301 4382 352 4437 S
551 4380 618 4437 22
652 4382 866 4437 animus
901 4397 1001 4437 om.
1037 4379 1273 4438 BDEF
1471 4381 1641 4437 locale
1683 4381 1730 4437 0
