<?xml version="1.0" encoding="UTF-8"?>
<!DOCTYPE html PUBLIC "-//W3C//DTD XHTML 1.0 Transitional//EN"
    "http://www.w3.org/TR/xhtml1/DTD/xhtml1-transitional.dtd">
<html xmlns="http://www.w3.org/1999/xhtml" xml:lang="en" lang="en">
 <head>
  <title>
</title>
<meta http-equiv="Content-Type" content="text/html;charset=utf-8" />
  <meta name='ocr-system' content='tesseract 3.04.00' />
  <meta name='ocr-capabilities' content='ocr_page ocr_carea ocr_par ocr_line ocrx_word'/>
</head>
<body>
  <div class='ocr_page' id='page_1' title='image "./corpusscriptoru28wiengoog_0136.png"; bbox 0 0 3175 5050; ppageno 0'>
   <div class='ocr_carea' id='block_1_1' title="bbox 665 402 2157 472">
    <p class='ocr_par' dir='ltr' id='par_1_1' title="bbox 665 402 2157 472">
     <span class='ocr_line' id='line_1_1' title="bbox 665 402 2157 472; baseline -0.004 -10"><span class='ocrx_word' id='word_1_1' title='bbox 665 406 751 472; x_wconf 84' lang='grc'><strong>74</strong></span> <span class='ocrx_word' id='word_1_2' title='bbox 1432 402 1805 459; x_wconf 80' lang='lat' dir='ltr'><strong>Claudiani</strong></span> <span class='ocrx_word' id='word_1_3' title='bbox 1842 402 2157 457; x_wconf 81' lang='lat' dir='ltr'><strong>Mamerti</strong></span> 
     </span>
    </p>
   </div>
   <div class='ocr_carea' id='block_1_2' title="bbox 657 590 3001 2429">
    <p class='ocr_par' dir='ltr' id='par_1_2' title="bbox 657 590 3001 2429">
     <span class='ocr_line' id='line_1_2' title="bbox 664 590 2933 675; baseline -0.002 -16"><span class='ocrx_word' id='word_1_4' title='bbox 664 595 876 662; x_wconf 78' lang='lat' dir='ltr'>defore</span> <span class='ocrx_word' id='word_1_5' title='bbox 935 596 1072 661; x_wconf 81' lang='lat' dir='ltr'><strong>fixis</strong></span> <span class='ocrx_word' id='word_1_6' title='bbox 1117 594 1482 661; x_wconf 87' lang='lat' dir='ltr'><strong>uiuentibus</strong></span> <span class='ocrx_word' id='word_1_7' title='bbox 1539 592 1837 675; x_wconf 82' lang='lat' dir='ltr'><strong>animam,</strong></span> <span class='ocrx_word' id='word_1_8' title='bbox 1896 593 2004 657; x_wconf 87' lang='lat' dir='ltr'><strong>sed</strong></span> <span class='ocrx_word' id='word_1_9' title='bbox 2060 610 2187 658; x_wconf 89' lang='lat' dir='ltr'><strong>non</strong></span> <span class='ocrx_word' id='word_1_10' title='bbox 2238 590 2447 659; x_wconf 82' lang='lat' dir='ltr'><strong>defore</strong></span> <span class='ocrx_word' id='word_1_11' title='bbox 2503 591 2933 672; x_wconf 86' lang='lat' dir='ltr'><strong>incorpoream</strong></span> 
     </span>
     <span class='ocr_line' id='line_1_3' title="bbox 663 691 2935 780; baseline -0.004 -17"><span class='ocrx_word' id='word_1_12' title='bbox 663 699 884 765; x_wconf 87' lang='lat' dir='ltr'><strong>uitam.</strong></span> <span class='ocrx_word' id='word_1_13' title='bbox 963 700 1151 780; x_wconf 85' lang='lat' dir='ltr'><strong>atque</strong></span> <span class='ocrx_word' id='word_1_14' title='bbox 1194 700 1267 762; x_wconf 92' lang='lat' dir='ltr'><strong>ut</strong></span> <span class='ocrx_word' id='word_1_15' title='bbox 1311 716 1507 763; x_wconf 89' lang='lat' dir='ltr'><strong>unum</strong></span> <span class='ocrx_word' id='word_1_16' title='bbox 1549 695 1805 778; x_wconf 82' lang='lat' dir='ltr'><strong>aliquod</strong></span> <span class='ocrx_word' id='word_1_17' title='bbox 1848 714 1921 761; x_wconf 83' lang='lat' dir='ltr'><strong>ex</strong></span> <span class='ocrx_word' id='word_1_18' title='bbox 1964 695 2134 761; x_wconf 90' lang='lat' dir='ltr'><strong>omni</strong></span> <span class='ocrx_word' id='word_1_19' title='bbox 2172 694 2491 761; x_wconf 86' lang='lat' dir='ltr'><strong>seminum</strong></span> <span class='ocrx_word' id='word_1_20' title='bbox 2519 711 2739 778; x_wconf 87' lang='lat' dir='ltr'><strong>genere</strong></span> <span class='ocrx_word' id='word_1_21' title='bbox 2769 691 2935 756; x_wconf 87' lang='lat' dir='ltr'><strong>deli-</strong></span> 
     </span>
     <span class='ocr_line' id='line_1_4' title="bbox 665 795 2932 886; baseline -0.004 -19"><span class='ocrx_word' id='word_1_22' title='bbox 665 820 908 886; x_wconf 82' lang='lat' dir='ltr'><strong>gamus,</strong></span> <span class='ocrx_word' id='word_1_23' title='bbox 969 820 1237 886; x_wconf 88' lang='lat' dir='ltr'><strong>granum</strong></span> <span class='ocrx_word' id='word_1_24' title='bbox 1281 805 1447 865; x_wconf 89' lang='lat' dir='ltr'><strong>certe</strong></span> <span class='ocrx_word' id='word_1_25' title='bbox 1492 798 1693 864; x_wconf 89' lang='lat' dir='ltr'><strong>tritici</strong></span> <span class='ocrx_word' id='word_1_26' title='bbox 1738 798 2009 881; x_wconf 84' lang='lat' dir='ltr'><strong>quantae</strong></span> <span class='ocrx_word' id='word_1_27' title='bbox 2052 797 2141 862; x_wconf 91' lang='lat' dir='ltr'><strong>sit</strong></span> <span class='ocrx_word' id='word_1_28' title='bbox 2182 795 2635 881; x_wconf 77' lang='lat' dir='ltr'><strong>magnitudinis</strong></span> <span class='ocrx_word' id='word_1_29' title='bbox 2694 796 2932 861; x_wconf 85' lang='lat' dir='ltr'><strong>seimus</strong></span> 
     </span>
     <span class='ocr_line' id='line_1_5' title="bbox 669 897 2933 989; baseline -0.005 -18"><span class='ocrx_word' id='word_1_30' title='bbox 669 906 1071 987; x_wconf 90' lang='lat' dir='ltr'><strong>eiusdemque</strong></span> <span class='ocrx_word' id='word_1_31' title='bbox 1139 904 1487 989; x_wconf 75' lang='lat' dir='ltr'><strong>capacitate</strong></span> <span class='ocrx_word' id='word_1_32' title='bbox 1549 904 1651 969; x_wconf 89' lang='lat' dir='ltr'><strong>sui</strong></span> <span class='ocrx_word' id='word_1_33' title='bbox 1694 902 2030 969; x_wconf 81' lang='lat' dir='ltr'><strong>admodum</strong></span> <span class='ocrx_word' id='word_1_34' title='bbox 2076 902 2309 967; x_wconf 90' lang='lat' dir='ltr'><strong>molem</strong></span> <span class='ocrx_word' id='word_1_35' title='bbox 2352 901 2669 966; x_wconf 89' lang='lat' dir='ltr'><strong>metimur.</strong></span> <span class='ocrx_word' id='word_1_36' title='bbox 2746 897 2933 963; x_wconf 88' lang='lat' dir='ltr'><strong>cuius</strong></span> 
     </span>
     <span class='ocr_line' id='line_1_6' title="bbox 664 1001 3001 1089; baseline -0.004 -16"><span class='ocrx_word' id='word_1_37' title='bbox 664 1009 726 1073; x_wconf 90' lang='lat' dir='ltr'><strong>si</strong></span> <span class='ocrx_word' id='word_1_38' title='bbox 772 1006 920 1089; x_wconf 89' lang='lat' dir='ltr'><strong>quid</strong></span> <span class='ocrx_word' id='word_1_39' title='bbox 964 1009 1278 1079; x_wconf 84' lang='lat' dir='ltr'><strong>internum</strong></span> <span class='ocrx_word' id='word_1_40' title='bbox 1311 1025 1671 1089; x_wconf 86' lang='lat' dir='ltr'><strong>corporeum</strong></span> <span class='ocrx_word' id='word_1_41' title='bbox 1701 1006 1915 1071; x_wconf 87' lang='lat' dir='ltr'><strong>uidere</strong></span> <span class='ocrx_word' id='word_1_42' title='bbox 1949 1004 2265 1087; x_wconf 74' lang='lat' dir='ltr'><strong>uelimus„</strong></span> <span class='ocrx_word' id='word_1_43' title='bbox 2284 1004 2477 1070; x_wconf 88' lang='lat' dir='ltr'><strong>scisso</strong></span> <span class='ocrx_word' id='word_1_44' title='bbox 2522 1005 2737 1069; x_wconf 90' lang='lat' dir='ltr'><strong>eodem</strong></span> <span class='ocrx_word' id='word_1_45' title='bbox 2766 1001 2937 1067; x_wconf 84' lang='lat' dir='ltr'><strong>nihil</strong></span> <span class='ocrx_word' id='word_1_46' title='bbox 2972 1023 3001 1063; x_wconf 81' lang='lat'>5</span> 
     </span>
     <span class='ocr_line' id='line_1_7' title="bbox 663 1106 2933 1191; baseline -0.003 -16"><span class='ocrx_word' id='word_1_47' title='bbox 663 1109 788 1175; x_wconf 87' lang='lat' dir='ltr'><strong>nisi</strong></span> <span class='ocrx_word' id='word_1_48' title='bbox 832 1114 1080 1175; x_wconf 88' lang='lat' dir='ltr'><strong>tantum</strong></span> <span class='ocrx_word' id='word_1_49' title='bbox 1124 1110 1448 1177; x_wconf 87' lang='lat' dir='ltr'><strong>candentis</strong></span> <span class='ocrx_word' id='word_1_50' title='bbox 1495 1108 1682 1175; x_wconf 87' lang='lat' dir='ltr'><strong>farris</strong></span> <span class='ocrx_word' id='word_1_51' title='bbox 1727 1107 2127 1191; x_wconf 89' lang='lat' dir='ltr'><strong>adspicimus,</strong></span> <span class='ocrx_word' id='word_1_52' title='bbox 2168 1108 2473 1190; x_wconf 89' lang='lat' dir='ltr'><strong>quantum</strong></span> <span class='ocrx_word' id='word_1_53' title='bbox 2506 1106 2709 1171; x_wconf 89' lang='lat' dir='ltr'><strong>breuis</strong></span> <span class='ocrx_word' id='word_1_54' title='bbox 2741 1122 2933 1185; x_wconf 77' lang='lat' dir='ltr'><strong>capa-</strong></span> 
     </span>
     <span class='ocr_line' id='line_1_8' title="bbox 665 1203 2933 1293; baseline -0.003 -16"><span class='ocrx_word' id='word_1_55' title='bbox 665 1212 826 1277; x_wconf 87' lang='lat' dir='ltr'><strong>citas</strong></span> <span class='ocrx_word' id='word_1_56' title='bbox 880 1212 1282 1279; x_wconf 75' lang='lat' dir='ltr'><strong>tenuissimae</strong></span> <span class='ocrx_word' id='word_1_57' title='bbox 1324 1214 1486 1278; x_wconf 88' lang='lat' dir='ltr'><strong>cutis</strong></span> <span class='ocrx_word' id='word_1_58' title='bbox 1542 1212 1832 1277; x_wconf 88' lang='lat' dir='ltr'><strong>includit.</strong></span> <span class='ocrx_word' id='word_1_59' title='bbox 1910 1228 2055 1277; x_wconf 86' lang='lat' dir='ltr'><strong>ecce</strong></span> <span class='ocrx_word' id='word_1_60' title='bbox 2098 1210 2217 1275; x_wconf 87' lang='lat' dir='ltr'><strong>tibi</strong></span> <span class='ocrx_word' id='word_1_61' title='bbox 2260 1210 2328 1275; x_wconf 86' lang='lat' dir='ltr'><strong>in</strong></span> <span class='ocrx_word' id='word_1_62' title='bbox 2374 1210 2578 1293; x_wconf 87' lang='lat' dir='ltr'><strong>spatio</strong></span> <span class='ocrx_word' id='word_1_63' title='bbox 2622 1203 2933 1289; x_wconf 84' lang='lat' dir='ltr'><strong>corporali</strong></span> 
     </span>
     <span class='ocr_line' id='line_1_9' title="bbox 661 1309 2933 1399; baseline -0.004 -19"><span class='ocrx_word' id='word_1_64' title='bbox 661 1333 974 1381; x_wconf 86' lang='lat' dir='ltr'><strong>summam</strong></span> <span class='ocrx_word' id='word_1_65' title='bbox 1032 1315 1214 1399; x_wconf 85' lang='lat' dir='ltr'><strong>grani</strong></span> <span class='ocrx_word' id='word_1_66' title='bbox 1271 1314 1528 1385; x_wconf 87' lang='lat' dir='ltr'><strong>triticei.</strong></span> <span class='ocrx_word' id='word_1_67' title='bbox 1605 1315 1687 1379; x_wconf 87' lang='lat' dir='ltr'><strong>da</strong></span> <span class='ocrx_word' id='word_1_68' title='bbox 1740 1316 1813 1379; x_wconf 87' lang='lat' dir='ltr'><strong>tu</strong></span> <span class='ocrx_word' id='word_1_69' title='bbox 1870 1331 2035 1379; x_wconf 89' lang='lat' dir='ltr'><strong>nunc</strong></span> <span class='ocrx_word' id='word_1_70' title='bbox 2087 1312 2156 1379; x_wconf 87' lang='lat' dir='ltr'><strong>in</strong></span> <span class='ocrx_word' id='word_1_71' title='bbox 2212 1314 2331 1379; x_wconf 89' lang='lat' dir='ltr'><strong>hoc</strong></span> <span class='ocrx_word' id='word_1_72' title='bbox 2387 1316 2602 1377; x_wconf 89' lang='lat' dir='ltr'><strong>eodem</strong></span> <span class='ocrx_word' id='word_1_73' title='bbox 2658 1309 2933 1394; x_wconf 84' lang='lat' dir='ltr'><strong>granulo</strong></span> 
     </span>
     <span class='ocr_line' id='line_1_10' title="bbox 662 1413 2934 1503; baseline -0.003 -20"><span class='ocrx_word' id='word_1_74' title='bbox 662 1418 1062 1503; x_wconf 87' lang='lat' dir='ltr'><strong>corporaliter</strong></span> <span class='ocrx_word' id='word_1_75' title='bbox 1106 1418 1265 1483; x_wconf 91' lang='lat' dir='ltr'><strong>mihi</strong></span> <span class='ocrx_word' id='word_1_76' title='bbox 1309 1418 1586 1483; x_wconf 85' lang='lat' dir='ltr'><strong>tumores</strong></span> <span class='ocrx_word' id='word_1_77' title='bbox 1630 1416 2007 1500; x_wconf 86' lang='lat' dir='ltr'><strong>germinum,</strong></span> <span class='ocrx_word' id='word_1_78' title='bbox 2052 1415 2392 1481; x_wconf 89' lang='lat' dir='ltr'><strong>herbarum</strong></span> <span class='ocrx_word' id='word_1_79' title='bbox 2420 1416 2709 1493; x_wconf 87' lang='lat' dir='ltr'><strong>uirentia,</strong></span> <span class='ocrx_word' id='word_1_80' title='bbox 2756 1413 2934 1478; x_wconf 89' lang='lat' dir='ltr'><strong>cala·</strong></span> 
     </span>
     <span class='ocr_line' id='line_1_11' title="bbox 661 1516 3001 1603; baseline -0.003 -16"><span class='ocrx_word' id='word_1_81' title='bbox 661 1538 796 1587; x_wconf 88' lang='lat' dir='ltr'><strong>mos</strong></span> <span class='ocrx_word' id='word_1_82' title='bbox 862 1520 1258 1603; x_wconf 87' lang='lat' dir='ltr'><strong>stipular-um,</strong></span> <span class='ocrx_word' id='word_1_83' title='bbox 1327 1521 1639 1603; x_wconf 88' lang='lat' dir='ltr'><strong>spicarum</strong></span> <span class='ocrx_word' id='word_1_84' title='bbox 1707 1519 1968 1603; x_wconf 88' lang='lat' dir='ltr'><strong>hispida,</strong></span> <span class='ocrx_word' id='word_1_85' title='bbox 2037 1520 2206 1587; x_wconf 88' lang='lat' dir='ltr'><strong>leuia</strong></span> <span class='ocrx_word' id='word_1_86' title='bbox 2262 1519 2609 1601; x_wconf 83' lang='lat' dir='ltr'><strong>palearum,</strong></span> <span class='ocrx_word' id='word_1_87' title='bbox 2667 1516 2936 1600; x_wconf 83' lang='lat' dir='ltr'><strong>pinguia</strong></span> <span class='ocrx_word' id='word_1_88' title='bbox 2952 1544 3001 1583; x_wconf 80' lang='grc' dir='ltr'><strong>ιο</strong></span> 
     </span>
     <span class='ocr_line' id='line_1_12' title="bbox 661 1620 2937 1707; baseline -0.002 -19"><span class='ocrx_word' id='word_1_89' title='bbox 661 1623 918 1706; x_wconf 84' lang='lat' dir='ltr'><strong>frugum</strong></span> <span class='ocrx_word' id='word_1_90' title='bbox 990 1629 1176 1707; x_wconf 84' lang='lat' dir='ltr'><strong>atque</strong></span> <span class='ocrx_word' id='word_1_91' title='bbox 1210 1642 1320 1687; x_wconf 83' lang='lat' dir='ltr'><strong>·ex</strong></span> <span class='ocrx_word' id='word_1_92' title='bbox 1384 1624 1484 1688; x_wconf 89' lang='lat' dir='ltr'><strong>his</strong></span> <span class='ocrx_word' id='word_1_93' title='bbox 1550 1622 1911 1689; x_wconf 85' lang='lat' dir='ltr'><strong>indefessim</strong></span> <span class='ocrx_word' id='word_1_94' title='bbox 1984 1622 2609 1706; x_wconf 89' lang='lat' dir='ltr'><strong>multiplicandorum</strong></span> <span class='ocrx_word' id='word_1_95' title='bbox 2684 1620 2937 1685; x_wconf 88' lang='lat' dir='ltr'><strong>semina</strong></span> 
     </span>
     <span class='ocr_line' id='line_1_13' title="bbox 660 1724 2937 1819; baseline -0.003 -26"><span class='ocrx_word' id='word_1_96' title='bbox 660 1727 990 1808; x_wconf 89' lang='lat' dir='ltr'><strong>seminum,</strong></span> <span class='ocrx_word' id='word_1_97' title='bbox 1039 1746 1194 1810; x_wconf 87' lang='lat' dir='ltr'><strong>quae</strong></span> <span class='ocrx_word' id='word_1_98' title='bbox 1239 1730 1448 1793; x_wconf 89' lang='lat' dir='ltr'><strong>omnia</strong></span> <span class='ocrx_word' id='word_1_99' title='bbox 1492 1728 1559 1819; x_wconf 85' lang='lat' dir='ltr'><strong>in</strong></span> <span class='ocrx_word' id='word_1_100' title='bbox 1604 1726 1719 1793; x_wconf 92' lang='lat' dir='ltr'><strong>illo</strong></span> <span class='ocrx_word' id='word_1_101' title='bbox 1774 1731 1921 1792; x_wconf 90' lang='lat' dir='ltr'><strong>sunt</strong></span> <span class='ocrx_word' id='word_1_102' title='bbox 1966 1727 2227 1811; x_wconf 79' lang='lat' dir='ltr'><strong>granulo</strong></span> <span class='ocrx_word' id='word_1_103' title='bbox 2266 1724 2622 1793; x_wconf 77' lang='lat' dir='ltr'><strong>causalibus</strong></span> <span class='ocrx_word' id='word_1_104' title='bbox 2652 1724 2937 1806; x_wconf 87' lang='lat' dir='ltr'><strong>reposita</strong></span> 
     </span>
     <span class='ocr_line' id='line_1_14' title="bbox 659 1828 2933 1914; baseline -0.003 -18"><span class='ocrx_word' id='word_1_105' title='bbox 659 1830 938 1897; x_wconf 67' lang='lat' dir='ltr'><strong>secretis</strong></span> <span class='ocrx_word' id='word_1_106' title='bbox 1010 1850 1176 1896; x_wconf 89' lang='lat' dir='ltr'><strong>nunc</strong></span> <span class='ocrx_word' id='word_1_107' title='bbox 1218 1830 1414 1914; x_wconf 85' lang='lat' dir='ltr'><strong>igitur</strong></span> <span class='ocrx_word' id='word_1_108' title='bbox 1469 1833 1582 1899; x_wconf 91' lang='lat' dir='ltr'><strong>aut</strong></span> <span class='ocrx_word' id='word_1_109' title='bbox 1634 1832 1859 1897; x_wconf 90' lang='lat' dir='ltr'><strong>cuncta</strong></span> <span class='ocrx_word' id='word_1_110' title='bbox 1899 1848 2061 1912; x_wconf 86' lang='lat' dir='ltr'><strong>quae</strong></span> <span class='ocrx_word' id='word_1_111' title='bbox 2104 1830 2181 1894; x_wconf 88' lang='lat' dir='ltr'><strong>de</strong></span> <span class='ocrx_word' id='word_1_112' title='bbox 2226 1829 2571 1896; x_wconf 84' lang='lat' dir='ltr'><strong>seminibus</strong></span> <span class='ocrx_word' id='word_1_113' title='bbox 2613 1828 2933 1913; x_wconf 88' lang='lat' dir='ltr'><strong>prodeunt</strong></span> 
     </span>
     <span class='ocr_line' id='line_1_15' title="bbox 659 1933 2933 2015; baseline -0.002 -18"><span class='ocrx_word' id='word_1_114' title='bbox 659 1934 831 1999; x_wconf 87' lang='lat' dir='ltr'><strong>intra</strong></span> <span class='ocrx_word' id='word_1_115' title='bbox 873 1935 1093 1999; x_wconf 89' lang='lat' dir='ltr'><strong>eadem</strong></span> <span class='ocrx_word' id='word_1_116' title='bbox 1137 1934 1377 1999; x_wconf 89' lang='lat' dir='ltr'><strong>semina</strong></span> <span class='ocrx_word' id='word_1_117' title='bbox 1421 1934 1819 2015; x_wconf 82' lang='lat' dir='ltr'><strong>corporaliter</strong></span> <span class='ocrx_word' id='word_1_118' title='bbox 1862 1936 2123 1999; x_wconf 78' lang='lat' dir='ltr'><strong>ostende</strong></span> <span class='ocrx_word' id='word_1_119' title='bbox 2167 1937 2281 1999; x_wconf 88' lang='lat' dir='ltr'><strong>aut</strong></span> <span class='ocrx_word' id='word_1_120' title='bbox 2310 1933 2649 1997; x_wconf 88' lang='lat' dir='ltr'><strong>herbarum</strong></span> <span class='ocrx_word' id='word_1_121' title='bbox 2679 1947 2933 2013; x_wconf 84' lang='lat' dir='ltr'><strong>queque</strong></span> 
     </span>
     <span class='ocr_line' id='line_1_16' title="bbox 661 2035 2998 2119; baseline -0 -19"><span class='ocrx_word' id='word_1_122' title='bbox 661 2040 862 2101; x_wconf 89' lang='lat' dir='ltr'><strong>uitam</strong></span> <span class='ocrx_word' id='word_1_123' title='bbox 909 2036 1332 2119; x_wconf 85' lang='lat' dir='ltr'><strong>incorpoream</strong></span> <span class='ocrx_word' id='word_1_124' title='bbox 1381 2035 1672 2101; x_wconf 89' lang='lat' dir='ltr'><strong>confitere</strong></span> <span class='ocrx_word' id='word_1_125' title='bbox 1713 2039 1775 2102; x_wconf 92' lang='lat' dir='ltr'><strong>et</strong></span> <span class='ocrx_word' id='word_1_126' title='bbox 1818 2036 2172 2117; x_wconf 86' lang='lat' dir='ltr'><strong>pronuntia,</strong></span> <span class='ocrx_word' id='word_1_127' title='bbox 2216 2036 2271 2101; x_wconf 91' lang='lat' dir='ltr'><strong>si</strong></span> <span class='ocrx_word' id='word_1_128' title='bbox 2300 2035 2527 2117; x_wconf 89' lang='lat' dir='ltr'><strong>placet,</strong></span> <span class='ocrx_word' id='word_1_129' title='bbox 2562 2052 2931 2117; x_wconf 86' lang='lat' dir='ltr'><strong>corpoream</strong></span> <span class='ocrx_word' id='word_1_130' title='bbox 2952 2066 2998 2107; x_wconf 78' lang='lat'><strong>15</strong></span> 
     </span>
     <span class='ocr_line' id='line_1_17' title="bbox 660 2135 2933 2222; baseline -0.001 -19"><span class='ocrx_word' id='word_1_131' title='bbox 660 2138 935 2204; x_wconf 88' lang='lat' dir='ltr'><strong>hominis</strong></span> <span class='ocrx_word' id='word_1_132' title='bbox 981 2140 1256 2205; x_wconf 89' lang='lat' dir='ltr'><strong>animam</strong></span> <span class='ocrx_word' id='word_1_133' title='bbox 1303 2143 1366 2203; x_wconf 93' lang='lat' dir='ltr'><strong>et</strong></span> <span class='ocrx_word' id='word_1_134' title='bbox 1410 2157 1765 2221; x_wconf 87' lang='lat' dir='ltr'><strong>corpoream</strong></span> <span class='ocrx_word' id='word_1_135' title='bbox 1818 2138 2067 2205; x_wconf 88' lang='lat' dir='ltr'><strong>fruticis</strong></span> <span class='ocrx_word' id='word_1_136' title='bbox 2113 2142 2334 2205; x_wconf 88' lang='lat' dir='ltr'><strong>uitam.</strong></span> <span class='ocrx_word' id='word_1_137' title='bbox 2412 2140 2572 2222; x_wconf 90' lang='lat' dir='ltr'><strong>quod</strong></span> <span class='ocrx_word' id='word_1_138' title='bbox 2618 2135 2771 2221; x_wconf 90' lang='lat' dir='ltr'><strong>quia</strong></span> <span class='ocrx_word' id='word_1_139' title='bbox 2812 2156 2933 2201; x_wconf 89' lang='lat' dir='ltr'><strong>ne-</strong></span> 
     </span>
     <span class='ocr_line' id='line_1_18' title="bbox 661 2240 2935 2327; baseline -0.002 -20"><span class='ocrx_word' id='word_1_140' title='bbox 661 2259 763 2307; x_wconf 93' lang='lat' dir='ltr'><strong>mo</strong></span> <span class='ocrx_word' id='word_1_141' title='bbox 829 2242 1154 2307; x_wconf 87' lang='lat' dir='ltr'><strong>hominum</strong></span> <span class='ocrx_word' id='word_1_142' title='bbox 1220 2241 1518 2307; x_wconf 88' lang='lat' dir='ltr'><strong>incolumi</strong></span> <span class='ocrx_word' id='word_1_143' title='bbox 1577 2247 1781 2327; x_wconf 88' lang='lat' dir='ltr'><strong>potest</strong></span> <span class='ocrx_word' id='word_1_144' title='bbox 1846 2244 2011 2308; x_wconf 86' lang='lat' dir='ltr'><strong>ferre</strong></span> <span class='ocrx_word' id='word_1_145' title='bbox 2071 2242 2323 2323; x_wconf 89' lang='lat' dir='ltr'><strong>iudici0,</strong></span> <span class='ocrx_word' id='word_1_146' title='bbox 2383 2246 2783 2307; x_wconf 89' lang='lat' dir='ltr'><strong>transeamus</strong></span> <span class='ocrx_word' id='word_1_147' title='bbox 2846 2240 2935 2303; x_wconf 86' lang='lat' dir='ltr'><strong>ad</strong></span> 
     </span>
     <span class='ocr_line' id='line_1_19' title="bbox 657 2342 2931 2429; baseline -0.002 -18"><span class='ocrx_word' id='word_1_148' title='bbox 657 2345 936 2411; x_wconf 87' lang='lat' dir='ltr'><strong>animata</strong></span> <span class='ocrx_word' id='word_1_149' title='bbox 978 2345 1276 2429; x_wconf 70' lang='lat' dir='ltr'><strong>umentia,</strong></span> <span class='ocrx_word' id='word_1_150' title='bbox 1323 2364 1482 2427; x_wconf 89' lang='lat' dir='ltr'><strong>quae</strong></span> <span class='ocrx_word' id='word_1_151' title='bbox 1525 2363 1651 2411; x_wconf 90' lang='lat' dir='ltr'><strong>non</strong></span> <span class='ocrx_word' id='word_1_152' title='bbox 1693 2346 1899 2411; x_wconf 91' lang='lat' dir='ltr'><strong>solum</strong></span> <span class='ocrx_word' id='word_1_153' title='bbox 1944 2345 2195 2425; x_wconf 88' lang='lat' dir='ltr'><strong>uiuunt,</strong></span> <span class='ocrx_word' id='word_1_154' title='bbox 2240 2346 2345 2409; x_wconf 90' lang='lat' dir='ltr'><strong>sed</strong></span> <span class='ocrx_word' id='word_1_155' title='bbox 2394 2345 2587 2411; x_wconf 84' lang='lat' dir='ltr'><strong>etiam</strong></span> <span class='ocrx_word' id='word_1_156' title='bbox 2617 2342 2931 2409; x_wconf 87' lang='lat' dir='ltr'><strong>sentiunt.</strong></span> 
     </span>
    </p>
   </div>
   <div class='ocr_carea' id='block_1_3' title="bbox 656 2463 2999 2860">
    <p class='ocr_par' dir='ltr' id='par_1_3' title="bbox 656 2463 2999 2860">
     <span class='ocr_line' id='line_1_20' title="bbox 744 2463 2927 2550; baseline -0.001 -20"><span class='ocrx_word' id='word_1_157' title='bbox 744 2464 858 2530; x_wconf 86' lang='lat' dir='ltr'><strong>Est</strong></span> <span class='ocrx_word' id='word_1_158' title='bbox 916 2484 1060 2550; x_wconf 84' lang='lat' dir='ltr'><strong>ergo</strong></span> <span class='ocrx_word' id='word_1_159' title='bbox 1117 2465 1181 2532; x_wconf 90' lang='lat' dir='ltr'><strong>in</strong></span> <span class='ocrx_word' id='word_1_160' title='bbox 1240 2469 1475 2549; x_wconf 89' lang='lat' dir='ltr'><strong>pecude</strong></span> <span class='ocrx_word' id='word_1_161' title='bbox 1533 2465 1939 2548; x_wconf 86' lang='lat' dir='ltr'><strong>corruptibile</strong></span> <span class='ocrx_word' id='word_1_162' title='bbox 1984 2483 2205 2549; x_wconf 91' lang='lat' dir='ltr'><strong>corpus</strong></span> <span class='ocrx_word' id='word_1_163' title='bbox 2251 2468 2315 2532; x_wconf 92' lang='lat' dir='ltr'><strong>et</strong></span> <span class='ocrx_word' id='word_1_164' title='bbox 2360 2465 2643 2531; x_wconf 88' lang='lat' dir='ltr'><strong>mortalis</strong></span> <span class='ocrx_word' id='word_1_165' title='bbox 2690 2463 2927 2536; x_wconf 88' lang='lat' dir='ltr'><strong>anima,</strong></span> 
     </span>
     <span class='ocr_line' id='line_1_21' title="bbox 657 2569 2999 2652; baseline 0.001 -19"><span class='ocrx_word' id='word_1_166' title='bbox 657 2587 816 2652; x_wconf 87' lang='lat' dir='ltr'><strong>quae</strong></span> <span class='ocrx_word' id='word_1_167' title='bbox 862 2571 1063 2636; x_wconf 89' lang='lat' dir='ltr'><strong>uitam</strong></span> <span class='ocrx_word' id='word_1_168' title='bbox 1107 2572 1376 2652; x_wconf 90' lang='lat' dir='ltr'><strong>corporis</strong></span> <span class='ocrx_word' id='word_1_169' title='bbox 1420 2589 1535 2636; x_wconf 90' lang='lat' dir='ltr'><strong>nec</strong></span> <span class='ocrx_word' id='word_1_170' title='bbox 1593 2569 1903 2652; x_wconf 86' lang='lat' dir='ltr'><strong>anticipat</strong></span> <span class='ocrx_word' id='word_1_171' title='bbox 1953 2589 2070 2635; x_wconf 90' lang='lat' dir='ltr'><strong>nec</strong></span> <span class='ocrx_word' id='word_1_172' title='bbox 2120 2569 2477 2652; x_wconf 84' lang='lat' dir='ltr'><strong>posticipat.</strong></span> <span class='ocrx_word' id='word_1_173' title='bbox 2554 2569 2731 2634; x_wconf 89' lang='lat' dir='ltr'><strong>uides</strong></span> <span class='ocrx_word' id='word_1_174' title='bbox 2778 2587 2933 2652; x_wconf 87' lang='lat' dir='ltr'><strong>ergo</strong></span> <span class='ocrx_word' id='word_1_175' title='bbox 2952 2598 2999 2636; x_wconf 66' lang='grc' dir='ltr'><strong><em>ω</em></strong></span> 
     </span>
     <span class='ocr_line' id='line_1_22' title="bbox 659 2670 2933 2758; baseline 0 -23"><span class='ocrx_word' id='word_1_176' title='bbox 659 2670 829 2736; x_wconf 87' lang='lat' dir='ltr'><strong>uitae</strong></span> <span class='ocrx_word' id='word_1_177' title='bbox 873 2673 1184 2757; x_wconf 88' lang='lat' dir='ltr'><strong>seminali,</strong></span> <span class='ocrx_word' id='word_1_178' title='bbox 1231 2692 1417 2756; x_wconf 88' lang='lat' dir='ltr'><strong>quam</strong></span> <span class='ocrx_word' id='word_1_179' title='bbox 1455 2674 1521 2738; x_wconf 92' lang='lat' dir='ltr'><strong>in</strong></span> <span class='ocrx_word' id='word_1_180' title='bbox 1549 2673 1761 2738; x_wconf 85' lang='lat' dir='ltr'><strong>herbis</strong></span> <span class='ocrx_word' id='word_1_181' title='bbox 1792 2673 2189 2756; x_wconf 81' lang='lat' dir='ltr'><strong>arbustisque</strong></span> <span class='ocrx_word' id='word_1_182' title='bbox 2232 2673 2633 2758; x_wconf 88' lang='lat' dir='ltr'><strong>repperimus,</strong></span> <span class='ocrx_word' id='word_1_183' title='bbox 2684 2673 2757 2737; x_wconf 89' lang='lat' dir='ltr'><strong>in</strong></span> <span class='ocrx_word' id='word_1_184' title='bbox 2789 2691 2933 2738; x_wconf 88' lang='lat' dir='ltr'><strong>cor-</strong></span> 
     </span>
     <span class='ocr_line' id='line_1_23' title="bbox 656 2769 2932 2860; baseline 0.001 -22"><span class='ocrx_word' id='word_1_185' title='bbox 656 2792 806 2857; x_wconf 89' lang='lat' dir='ltr'><strong>pore</strong></span> <span class='ocrx_word' id='word_1_186' title='bbox 864 2777 1122 2856; x_wconf 89' lang='lat' dir='ltr'><strong>pecudis</strong></span> <span class='ocrx_word' id='word_1_187' title='bbox 1177 2795 1284 2858; x_wconf 92' lang='lat' dir='ltr'><strong>per</strong></span> <span class='ocrx_word' id='word_1_188' title='bbox 1340 2769 1657 2860; x_wconf 85' lang='lat' dir='ltr'><strong>adpetitus</strong></span> <span class='ocrx_word' id='word_1_189' title='bbox 1702 2777 1945 2842; x_wconf 88' lang='lat' dir='ltr'><strong>animae</strong></span> <span class='ocrx_word' id='word_1_190' title='bbox 1992 2796 2243 2844; x_wconf 90' lang='lat' dir='ltr'><strong>sensum</strong></span> <span class='ocrx_word' id='word_1_191' title='bbox 2286 2781 2653 2859; x_wconf 87' lang='lat' dir='ltr'><strong>motumque</strong></span> <span class='ocrx_word' id='word_1_192' title='bbox 2697 2775 2932 2858; x_wconf 87' lang='lat' dir='ltr'><strong>tribui,</strong></span> 
     </span>
    </p>
   </div>
   <div class='ocr_carea' id='block_1_4' title="bbox 648 3064 2937 4179">
    <p class='ocr_par' dir='ltr' id='par_1_4' title="bbox 648 3064 2937 4179">
     <span class='ocr_line' id='line_1_24' title="bbox 765 3064 2937 3135; baseline 0.002 -18"><span class='ocrx_word' id='word_1_193' title='bbox 765 3065 796 3117; x_wconf 89' lang='lat'>1</span> <span class='ocrx_word' id='word_1_194' title='bbox 843 3064 981 3135; x_wconf 85' lang='lat' dir='ltr'><strong>fixis]</strong></span> <span class='ocrx_word' id='word_1_195' title='bbox 1029 3066 1120 3120; x_wconf 86' lang='lat' dir='ltr'><strong>uix</strong></span> <span class='ocrx_word' id='word_1_196' title='bbox 1155 3065 1240 3119; x_wconf 85' lang='lat' dir='ltr'><strong>his</strong></span> <span class='ocrx_word' id='word_1_197' title='bbox 1282 3065 1421 3132; x_wconf 87' lang='lat' dir='ltr'><strong>Mb,</strong></span> <span class='ocrx_word' id='word_1_198' title='bbox 1479 3081 1603 3120; x_wconf 85' lang='lat' dir='ltr'><strong>mox</strong></span> <span class='ocrx_word' id='word_1_199' title='bbox 1637 3065 1722 3120; x_wconf 85' lang='lat' dir='ltr'><strong>his</strong></span> <span class='ocrx_word' id='word_1_200' title='bbox 1758 3066 2057 3130; x_wconf 73' lang='lat' dir='ltr'><strong>Barthius,</strong></span> <span class='ocrx_word' id='word_1_201' title='bbox 2114 3069 2287 3120; x_wconf 84' lang='lat' dir='ltr'><strong>terrae</strong></span> <span class='ocrx_word' id='word_1_202' title='bbox 2322 3065 2442 3120; x_wconf 81' lang='lat' dir='ltr'><strong>fixis</strong></span> <span class='ocrx_word' id='word_1_203' title='bbox 2480 3065 2534 3120; x_wconf 71' lang='lat' dir='ltr'><em>G</em></span> <span class='ocrx_word' id='word_1_204' title='bbox 2744 3066 2781 3120; x_wconf 86' lang='lat'><strong>2</strong></span> <span class='ocrx_word' id='word_1_205' title='bbox 2828 3068 2937 3122; x_wconf 77' lang='lat' dir='ltr'><strong>ali·</strong></span> 
     </span>
     <span class='ocr_line' id='line_1_25' title="bbox 659 3159 2789 3230; baseline 0.002 -18"><span class='ocrx_word' id='word_1_206' title='bbox 659 3159 790 3228; x_wconf 87' lang='lat' dir='ltr'><strong>quid</strong></span> <span class='ocrx_word' id='word_1_207' title='bbox 835 3159 894 3214; x_wconf 80' lang='lat' dir='ltr'><em>R</em></span> <span class='ocrx_word' id='word_1_208' title='bbox 1099 3160 1390 3228; x_wconf 83' lang='lat' dir='ltr'><strong>diligamus</strong></span> <span class='ocrx_word' id='word_1_209' title='bbox 1437 3160 1731 3227; x_wconf 77' lang='lat' dir='ltr'><strong><em>ABH¹R²,</em></strong></span> <span class='ocrx_word' id='word_1_210' title='bbox 1793 3160 2103 3230; x_wconf 83' lang='lat' dir='ltr'><strong>delegamus</strong></span> <span class='ocrx_word' id='word_1_211' title='bbox 2147 3159 2349 3228; x_wconf 83' lang='lat' dir='ltr'><strong><em>LR’S,</em></strong></span> <span class='ocrx_word' id='word_1_212' title='bbox 2413 3161 2680 3230; x_wconf 81' lang='lat' dir='ltr'><strong>eligamus</strong></span> <span class='ocrx_word' id='word_1_213' title='bbox 2734 3161 2789 3217; x_wconf 80' lang='lat' dir='ltr'><strong>Gr</strong></span> 
     </span>
     <span class='ocr_line' id='line_1_26' title="bbox 655 3246 2934 3326; baseline 0.002 -18"><span class='ocrx_word' id='word_1_214' title='bbox 655 3253 692 3308; x_wconf 88' lang='lat'>4</span> <span class='ocrx_word' id='word_1_215' title='bbox 727 3246 1068 3324; x_wconf 83' lang='lat' dir='ltr'><strong>eiusdemque</strong></span> <span class='ocrx_word' id='word_1_216' title='bbox 1102 3254 1232 3318; x_wconf 72' lang='lat' dir='ltr'><strong>EG,</strong></span> <span class='ocrx_word' id='word_1_217' title='bbox 1291 3254 1526 3309; x_wconf 89' lang='lat' dir='ltr'><strong>eiusdem</strong></span> <span class='ocrx_word' id='word_1_218' title='bbox 1561 3256 1683 3311; x_wconf 72' lang='lat' dir='ltr'><strong>rell.</strong></span> <span class='ocrx_word' id='word_1_219' title='bbox 1718 3261 1769 3310; x_wconf 77' lang='lat' dir='ltr'><strong>et</strong></span> <span class='ocrx_word' id='word_1_220' title='bbox 1804 3253 1944 3320; x_wconf 53' lang='grc' dir='ltr'><strong>Βοὴ,</strong></span> <span class='ocrx_word' id='word_1_221' title='bbox 2002 3257 2056 3310; x_wconf 87' lang='lat' dir='ltr'><strong>et</strong></span> <span class='ocrx_word' id='word_1_222' title='bbox 2090 3254 2323 3308; x_wconf 90' lang='lat' dir='ltr'><strong>eiusdem</strong></span> <span class='ocrx_word' id='word_1_223' title='bbox 2360 3256 2393 3309; x_wconf 85' lang='lat' dir='ltr'><em>b</em></span> <span class='ocrx_word' id='word_1_224' title='bbox 2602 3257 2934 3326; x_wconf 78' lang='lat' dir='ltr'><strong>capacitatis</strong></span> 
     </span>
     <span class='ocr_line' id='line_1_27' title="bbox 660 3347 2935 3418; baseline 0.002 -14"><span class='ocrx_word' id='word_1_225' title='bbox 660 3347 729 3412; x_wconf 75' lang='lat' dir='ltr'><strong>G,</strong></span> <span class='ocrx_word' id='word_1_226' title='bbox 788 3349 1142 3416; x_wconf 85' lang='lat' dir='ltr'><strong>capacitatem</strong></span> <span class='ocrx_word' id='word_1_227' title='bbox 1176 3348 1401 3406; x_wconf 79' lang='lat' dir='ltr'><strong><em>HLRS</em></strong></span> <span class='ocrx_word' id='word_1_228' title='bbox 1588 3350 1901 3404; x_wconf 90' lang='lat' dir='ltr'><strong>ammodum</strong></span> <span class='ocrx_word' id='word_1_229' title='bbox 1935 3351 2381 3415; x_wconf 76' lang='lat' dir='ltr'><strong><em>ABGFH¹MR,</em></strong></span> <span class='ocrx_word' id='word_1_230' title='bbox 2442 3351 2661 3406; x_wconf 88' lang='lat' dir='ltr'><strong>modum</strong></span> <span class='ocrx_word' id='word_1_231' title='bbox 2702 3351 2759 3406; x_wconf 74' lang='lat' dir='ltr'><em>G</em></span> <span class='ocrx_word' id='word_1_232' title='bbox 2786 3351 2935 3418; x_wconf 56' lang='grc' dir='ltr'><strong>Βοὴ,</strong></span> 
     </span>
     <span class='ocr_line' id='line_1_28' title="bbox 652 3442 2933 3508; baseline 0 -9"><span class='ocrx_word' id='word_1_233' title='bbox 652 3442 798 3499; x_wconf 84' lang='lat' dir='ltr'><strong>modi</strong></span> <span class='ocrx_word' id='word_1_234' title='bbox 844 3443 875 3496; x_wconf 84' lang='lat' dir='ltr'><strong>b</strong></span> <span class='ocrx_word' id='word_1_235' title='bbox 1069 3443 1278 3498; x_wconf 76' lang='lat' dir='ltr'><strong>‘molem</strong></span> <span class='ocrx_word' id='word_1_236' title='bbox 1325 3442 1462 3507; x_wconf 86' lang='lat' dir='ltr'><strong>Mb,</strong></span> <span class='ocrx_word' id='word_1_237' title='bbox 1525 3444 1667 3498; x_wconf 86' lang='lat' dir='ltr'><strong>mole</strong></span> <span class='ocrx_word' id='word_1_238' title='bbox 1712 3445 1829 3498; x_wconf 75' lang='lat' dir='ltr'><strong>rell.</strong></span> <span class='ocrx_word' id='word_1_239' title='bbox 1866 3451 1918 3500; x_wconf 81' lang='lat' dir='ltr'><strong>et</strong></span> <span class='ocrx_word' id='word_1_240' title='bbox 1955 3445 2076 3502; x_wconf 78' lang='lat' dir='ltr'><strong>Sch.</strong></span> <span class='ocrx_word' id='word_1_241' title='bbox 2282 3447 2565 3500; x_wconf 88' lang='lat' dir='ltr'><strong>mettimur</strong></span> <span class='ocrx_word' id='word_1_242' title='bbox 2601 3445 2758 3508; x_wconf 69' lang='lat'><strong><em>133²,</em></strong></span> <span class='ocrx_word' id='word_1_243' title='bbox 2816 3463 2933 3500; x_wconf 88' lang='lat' dir='ltr'><strong>me-</strong></span> 
     </span>
     <span class='ocr_line' id='line_1_29' title="bbox 654 3536 2788 3604; baseline 0.003 -14"><span class='ocrx_word' id='word_1_244' title='bbox 654 3537 797 3590; x_wconf 89' lang='lat' dir='ltr'><strong>titur</strong></span> <span class='ocrx_word' id='word_1_245' title='bbox 849 3537 938 3604; x_wconf 90' lang='lat' dir='ltr'><strong>D,</strong></span> <span class='ocrx_word' id='word_1_246' title='bbox 994 3536 1268 3591; x_wconf 86' lang='lat' dir='ltr'><strong>mittimur</strong></span> <span class='ocrx_word' id='word_1_247' title='bbox 1323 3537 1609 3603; x_wconf 77' lang='lat' dir='ltr'><strong><em>BGH¹R¹,</em></strong></span> <span class='ocrx_word' id='word_1_248' title='bbox 1670 3539 1942 3594; x_wconf 88' lang='lat' dir='ltr'><strong>mittimus</strong></span> <span class='ocrx_word' id='word_1_249' title='bbox 1996 3541 2072 3594; x_wconf 99' lang='lat' dir='ltr'><strong><em>M</em></strong></span> <span class='ocrx_word' id='word_1_250' title='bbox 2287 3543 2323 3596; x_wconf 85' lang='lat'>5</span> <span class='ocrx_word' id='word_1_251' title='bbox 2376 3542 2625 3596; x_wconf 88' lang='lat' dir='ltr'><strong>uolumus</strong></span> <span class='ocrx_word' id='word_1_252' title='bbox 2674 3542 2788 3596; x_wconf 87' lang='lat' dir='ltr'><strong>Mb</strong></span> 
     </span>
     <span class='ocr_line' id='line_1_30' title="bbox 653 3632 2935 3706; baseline 0.002 -20"><span class='ocrx_word' id='word_1_253' title='bbox 653 3632 811 3686; x_wconf 77' lang='lat' dir='ltr'><strong>iscrso</strong></span> <span class='ocrx_word' id='word_1_254' title='bbox 846 3632 904 3687; x_wconf 84' lang='lat' dir='ltr'><em>R</em></span> <span class='ocrx_word' id='word_1_255' title='bbox 1109 3633 1144 3686; x_wconf 90' lang='lat'><em>8</em></span> <span class='ocrx_word' id='word_1_256' title='bbox 1191 3648 1424 3702; x_wconf 82' lang='lat' dir='ltr'><strong>granum</strong></span> <span class='ocrx_word' id='word_1_257' title='bbox 1460 3632 1637 3688; x_wconf 87' lang='lat' dir='ltr'><strong>tritici</strong></span> <span class='ocrx_word' id='word_1_258' title='bbox 1672 3634 1766 3699; x_wconf 90' lang='lat' dir='ltr'><strong>M,</strong></span> <span class='ocrx_word' id='word_1_259' title='bbox 1826 3635 1983 3704; x_wconf 83' lang='lat' dir='ltr'><strong>grani</strong></span> <span class='ocrx_word' id='word_1_260' title='bbox 2020 3635 2193 3690; x_wconf 87' lang='lat' dir='ltr'><strong>tritici</strong></span> <span class='ocrx_word' id='word_1_261' title='bbox 2229 3636 2261 3690; x_wconf 80' lang='lat' dir='ltr'><strong><em>b</em></strong></span> <span class='ocrx_word' id='word_1_262' title='bbox 2468 3637 2501 3691; x_wconf 87' lang='grc'><strong>9</strong></span> <span class='ocrx_word' id='word_1_263' title='bbox 2539 3637 2935 3706; x_wconf 86' lang='lat' dir='ltr'><strong>calamostipu-</strong></span> 
     </span>
     <span class='ocr_line' id='line_1_31' title="bbox 651 3727 2789 3800; baseline 0.001 -18"><span class='ocrx_word' id='word_1_264' title='bbox 651 3727 828 3782; x_wconf 87' lang='lat' dir='ltr'><strong>larum</strong></span> <span class='ocrx_word' id='word_1_265' title='bbox 863 3727 922 3784; x_wconf 80' lang='lat' dir='ltr'><em>R</em></span> <span class='ocrx_word' id='word_1_266' title='bbox 1109 3727 1174 3782; x_wconf 92' lang='grc'><strong>10</strong></span> <span class='ocrx_word' id='word_1_267' title='bbox 1208 3727 1554 3782; x_wconf 74' lang='lat' dir='ltr'><strong>stimulatum</strong></span> <span class='ocrx_word' id='word_1_268' title='bbox 1596 3729 1641 3784; x_wconf 83' lang='lat'><em>0</em></span> <span class='ocrx_word' id='word_1_269' title='bbox 1806 3729 2040 3800; x_wconf 89' lang='lat' dir='ltr'><strong>hispida]</strong></span> <span class='ocrx_word' id='word_1_270' title='bbox 2076 3730 2232 3800; x_wconf 86' lang='lat' dir='ltr'><strong>spida</strong></span> <span class='ocrx_word' id='word_1_271' title='bbox 2273 3729 2455 3796; x_wconf 82' lang='lat' dir='ltr'><strong><em>GMR,</em></strong></span> <span class='ocrx_word' id='word_1_272' title='bbox 2510 3730 2720 3800; x_wconf 81' lang='lat' dir='ltr'><strong>spicula</strong></span> <span class='ocrx_word' id='word_1_273' title='bbox 2756 3732 2789 3785; x_wconf 85' lang='lat' dir='ltr'><em>b</em></span> 
     </span>
     <span class='ocr_line' id='line_1_32' title="bbox 651 3820 2786 3894; baseline 0.001 -16"><span class='ocrx_word' id='word_1_274' title='bbox 651 3823 718 3878; x_wconf 92' lang='grc'><strong>11</strong></span> <span class='ocrx_word' id='word_1_275' title='bbox 755 3820 1070 3876; x_wconf 86' lang='lat' dir='ltr'><strong>indefessim</strong></span> <span class='ocrx_word' id='word_1_276' title='bbox 1103 3821 1381 3878; x_wconf 65' lang='lat' dir='ltr'><strong>Bae-thius</strong></span> <span class='ocrx_word' id='word_1_277' title='bbox 1415 3822 1531 3877; x_wconf 81' lang='lat' dir='ltr'><strong>coll.</strong></span> <span class='ocrx_word' id='word_1_278' title='bbox 1560 3839 1693 3894; x_wconf 72' lang='lat' dir='ltr'><strong>paq.</strong></span> <span class='ocrx_word' id='word_1_279' title='bbox 1726 3826 1813 3888; x_wconf 82' lang='lat'><strong>45,</strong></span> <span class='ocrx_word' id='word_1_280' title='bbox 1851 3827 1909 3888; x_wconf 84' lang='lat'><strong>7,</strong></span> <span class='ocrx_word' id='word_1_281' title='bbox 1970 3824 2250 3880; x_wconf 83' lang='lat' dir='ltr'><strong>indefessis</strong></span> <span class='ocrx_word' id='word_1_282' title='bbox 2294 3825 2425 3880; x_wconf 72' lang='lat' dir='ltr'><strong>libri</strong></span> <span class='ocrx_word' id='word_1_283' title='bbox 2460 3831 2513 3880; x_wconf 78' lang='lat' dir='ltr'><strong>et</strong></span> <span class='ocrx_word' id='word_1_284' title='bbox 2546 3825 2786 3882; x_wconf 75' lang='lat' dir='ltr'><strong>editores</strong></span> 
     </span>
     <span class='ocr_line' id='line_1_33' title="bbox 655 3915 2935 3988; baseline 0.002 -18"><span class='ocrx_word' id='word_1_285' title='bbox 655 3916 723 3970; x_wconf 86' lang='lat'><strong>12</strong></span> <span class='ocrx_word' id='word_1_286' title='bbox 769 3915 1026 3982; x_wconf 80' lang='lat' dir='ltr'><strong>causahb3</strong></span> <span class='ocrx_word' id='word_1_287' title='bbox 1062 3916 1157 3983; x_wconf 91' lang='lat' dir='ltr'><strong>M,</strong></span> <span class='ocrx_word' id='word_1_288' title='bbox 1217 3915 1510 3970; x_wconf 86' lang='lat' dir='ltr'><strong>causalibet</strong></span> <span class='ocrx_word' id='word_1_289' title='bbox 1543 3917 1574 3970; x_wconf 82' lang='lat' dir='ltr'><strong>b</strong></span> <span class='ocrx_word' id='word_1_290' title='bbox 1590 3957 1605 3981; x_wconf 88' lang='lat'><strong><em>,</em></strong></span> <span class='ocrx_word' id='word_1_291' title='bbox 1662 3917 1949 3972; x_wconf 83' lang='lat' dir='ltr'><strong>causaliter</strong></span> <span class='ocrx_word' id='word_1_292' title='bbox 1980 3919 2255 3974; x_wconf 74' lang='lat' dir='ltr'><strong>Bar-thius</strong></span> <span class='ocrx_word' id='word_1_293' title='bbox 2460 3921 2641 3988; x_wconf 83' lang='lat' dir='ltr'><strong>posita</strong></span> <span class='ocrx_word' id='word_1_294' title='bbox 2674 3922 2935 3976; x_wconf 82' lang='lat' dir='ltr'><strong>secretim</strong></span> 
     </span>
     <span class='ocr_line' id='line_1_34' title="bbox 648 4010 2937 4084; baseline 0.002 -18"><span class='ocrx_word' id='word_1_295' title='bbox 648 4011 790 4066; x_wconf 69' lang='lat' dir='ltr'><strong>coni.</strong></span> <span class='ocrx_word' id='word_1_296' title='bbox 843 4011 1118 4067; x_wconf 69' lang='lat' dir='ltr'><strong>Bao-thius</strong></span> <span class='ocrx_word' id='word_1_297' title='bbox 1363 4012 1430 4065; x_wconf 87' lang='lat'><strong>14</strong></span> <span class='ocrx_word' id='word_1_298' title='bbox 1481 4010 1757 4066; x_wconf 83' lang='lat' dir='ltr'><strong>ostendere</strong></span> <span class='ocrx_word' id='word_1_299' title='bbox 1809 4011 2059 4068; x_wconf 83' lang='lat' dir='ltr'><em>BGH¹R</em></span> <span class='ocrx_word' id='word_1_300' title='bbox 2300 4015 2368 4068; x_wconf 79' lang='lat'><strong>15</strong></span> <span class='ocrx_word' id='word_1_301' title='bbox 2417 4015 2785 4084; x_wconf 87' lang='lat' dir='ltr'><strong>incorpoream</strong></span> <span class='ocrx_word' id='word_1_302' title='bbox 2842 4017 2937 4071; x_wconf 66' lang='lat' dir='ltr'><strong>H*</strong></span> 
     </span>
     <span class='ocr_line' id='line_1_35' title="bbox 649 4103 2932 4179; baseline 0.001 -19"><span class='ocrx_word' id='word_1_303' title='bbox 649 4103 764 4173; x_wconf 71' lang='lat'><strong>810²</strong></span> <span class='ocrx_word' id='word_1_304' title='bbox 971 4105 1039 4160; x_wconf 80' lang='lat'><strong>17</strong></span> <span class='ocrx_word' id='word_1_305' title='bbox 1089 4105 1346 4160; x_wconf 87' lang='lat' dir='ltr'><strong>incolomi</strong></span> <span class='ocrx_word' id='word_1_306' title='bbox 1398 4104 1506 4161; x_wconf 77' lang='lat' dir='ltr'><strong>RS</strong></span> <span class='ocrx_word' id='word_1_307' title='bbox 1704 4105 1774 4159; x_wconf 80' lang='lat'><strong>20</strong></span> <span class='ocrx_word' id='word_1_308' title='bbox 1822 4106 2097 4175; x_wconf 89' lang='lat' dir='ltr'><strong>postificat</strong></span> <span class='ocrx_word' id='word_1_309' title='bbox 2146 4106 2203 4163; x_wconf 80' lang='lat' dir='ltr'><em>R</em></span> <span class='ocrx_word' id='word_1_310' title='bbox 2401 4109 2549 4179; x_wconf 84' lang='lat' dir='ltr'><strong>ergo]</strong></span> <span class='ocrx_word' id='word_1_311' title='bbox 2595 4111 2745 4179; x_wconf 87' lang='lat' dir='ltr'><strong>quod</strong></span> <span class='ocrx_word' id='word_1_312' title='bbox 2790 4111 2932 4166; x_wconf 75' lang='lat' dir='ltr'><strong>add.</strong></span> 
     </span>
    </p>
   </div>
   <div class='ocr_carea' id='block_1_5' title="bbox 650 4195 2934 4313">
    <p class='ocr_par' dir='ltr' id='par_1_5' title="bbox 650 4195 2934 4313">
     <span class='ocr_line' id='line_1_36' title="bbox 650 4195 2934 4313; baseline 0.003 -15"><span class='ocrx_word' id='word_1_313' title='bbox 650 4241 772 4298; x_wconf 65' lang='lat' dir='ltr'><strong>Sela.</strong></span> <span class='ocrx_word' id='word_1_314' title='bbox 1016 4243 1082 4296; x_wconf 87' lang='grc'>21</span> <span class='ocrx_word' id='word_1_315' title='bbox 1135 4243 1430 4313; x_wconf 87' lang='lat' dir='ltr'><strong>reperimus</strong></span> <span class='ocrx_word' id='word_1_316' title='bbox 1483 4243 1617 4297; x_wconf 77' lang='lat' dir='ltr'><strong>EM</strong></span> <span class='ocrx_word' id='word_1_317' title='bbox 1646 4245 1881 4299; x_wconf 73' lang='lat' dir='ltr'><strong>editores</strong></span> <span class='ocrx_word' id='word_1_318' title='bbox 1894 4283 1908 4309; x_wconf 90' lang='lat'><strong><em>,</em></strong></span> <span class='ocrx_word' id='word_1_319' title='bbox 1968 4195 2272 4300; x_wconf 40' lang='lat' dir='ltr'><strong>³:33&amp;ss</strong></span> <span class='ocrx_word' id='word_1_320' title='bbox 2322 4245 2386 4300; x_wconf 88' lang='lat' dir='ltr'><em>D</em></span> <span class='ocrx_word' id='word_1_321' title='bbox 2626 4247 2697 4302; x_wconf 83' lang='grc'><strong>22</strong></span> <span class='ocrx_word' id='word_1_322' title='bbox 2744 4249 2934 4304; x_wconf 81' lang='lat' dir='ltr'><strong>anima</strong></span> 
     </span>
    </p>
   </div>
   <div class='ocr_carea' id='block_1_6' title="bbox 651 4335 2507 4407">
    <p class='ocr_par' dir='ltr' id='par_1_6' title="bbox 651 4335 2507 4407">
     <span class='ocr_line' id='line_1_37' title="bbox 651 4335 2507 4407; baseline 0.003 -17"><span class='ocrx_word' id='word_1_323' title='bbox 651 4335 776 4390; x_wconf 75' lang='lat' dir='ltr'><strong>Sch.</strong></span> <span class='ocrx_word' id='word_1_324' title='bbox 985 4339 1268 4406; x_wconf 84' lang='lat' dir='ltr'><strong>totumque</strong></span> <span class='ocrx_word' id='word_1_325' title='bbox 1311 4338 1356 4393; x_wconf 82' lang='grc' dir='ltr'><em>Ο</em></span> <span class='ocrx_word' id='word_1_326' title='bbox 1555 4337 1753 4392; x_wconf 86' lang='lat' dir='ltr'><strong>tribuit</strong></span> <span class='ocrx_word' id='word_1_327' title='bbox 1788 4339 2081 4407; x_wconf 85' lang='lat' dir='ltr'><strong><em>BH¹MR,</em></strong></span> <span class='ocrx_word' id='word_1_328' title='bbox 2142 4341 2353 4396; x_wconf 81' lang='lat' dir='ltr'><strong>tribuat</strong></span> <span class='ocrx_word' id='word_1_329' title='bbox 2388 4340 2507 4397; x_wconf 71' lang='lat' dir='ltr'><strong>sch.</strong></span> 
     </span>
    </p>
   </div>
   <div class='ocr_carea' id='block_1_7' title="bbox 3105 0 3115 1759">
    <p class='ocr_par' dir='ltr' id='par_1_7' title="bbox 3105 0 3115 1759">
     <span class='ocr_line' id='line_1_38' title="bbox 3105 0 3115 1759; baseline 0 0"><span class='ocrx_word' id='word_1_330' title='bbox 3105 0 3115 1759; x_wconf 95' lang='lat' dir='ltr'><strong> </strong></span> 
     </span>
    </p>
   </div>
  </div>
 </body>
</html>
