3175 5050
921 448 1278 504 uerborum
1312 447 1854 502 oblocutionum.

2440 445 2569 512 219

315 639 576 693 articulos
621 643 926 708 temporum
969 637 1182 707 signare
1224 635 1340 702 149,
1437 636 1621 690 aut-x:
1641 647 1737 688 an:
1785 635 1882 688 aut
1914 635 2019 687 non
2068 646 2221 701 saepe
2254 649 2355 688 usu
2390 631 2567 689 euenit

317 709 370 762 9.
403 709 462 761 in
498 708 727 761 articulo
764 703 1152 800 reposcet-023,
1191 703 1272 760 13.

207 775 498 832 artificiose
533 775 616 841 73,
652 775 703 830 3.
939 842 941 844 ,

209 851 386 900 artum
440 838 821 912 disputationis
873 841 960 906 23,
1005 836 1089 896 19.
1137 843 1340 896 arctum

313 909 1344 1050 szffl25.18340339.32333“25.3223

315 1049 587 1114 lectione).

207 1133 306 1172 arx
339 1117 544 1186 philosi)
582 1117 704 1172 hiae
739 1115 1030 1185 (Timaeus)
1069 1115 1188 1182 128,
1226 1116 1273 1171 1.

209 1187 450 1240 ascensio
487 1186 552 1240 14
589 1225 602 1252 ,
646 1186 731 1239 21.

209 1263 462 1308 ascensus
499 1251 616 1317 148,
661 1254 710 1307 1.

208 1327 489 1376 asomaton
525 1321 860 1391 (ἀσώματον)
896 1320 1010 1388 106,
1047 1321 1098 1377 5.

209 1395 484 1460 aspernari
518 1407 700 1461 pacem
735 1391 818 1454 20,
860 1389 943 1444 10.

211 1460 542 1528 astrologica
578 1457 972 1528 (ἂστρολογική)
1007 1455 1092 1524 81,
1133 1458 1182 1513 7.

213 1530 483 1582 astrorum
516 1543 687 1595 uagus
725 1527 980 1582 circuitus
1018 1525 1135 1594 149,
1165 1525 1214 1582 5.

209 1596 509 1666 asyndetaz
579 1599 646 1650 ut
707 1612 833 1650 suae
895 1595 1194 1650 sententiae
1253 1594 1338 1648 ad·

315 1666 622 1786 guiescanm
683 1664 904 1718 sibimet
960 1661 1340 1732 adsentiantur

353 1735 402 1798 3,
439 1733 490 1788 9.
560 1735 840 1801 percontor
874 1731 937 1787 de
971 1733 1214 1790 nominc:
1243 1747 1340 1785 nec

317 1812 569 1870 responso
604 1817 698 1856 nec
733 1802 934 1872 scripto
971 1797 1220 1872 proditur
1253 1800 1334 1867 24,

320 1871 400 1925 16.
471 1871 664 1939 prima
705 1871 946 1940 opusculi
1015 1871 1175 1924 facies
1233 1885 1337 1922 non

320 1939 790 2006 perincatholicar'n
846 1939 1176 2007 praeferebat
1235 1939 1338 1992 etsi

315 2009 477 2076 longe
512 2007 689 2076 inpari
726 2007 1086 2077 disputatione
1121 2009 1333 2060 senten·

312 2075 475 2129 tiam:
528 2075 609 2129 ita
653 2090 810 2145 penes
855 2088 940 2128 me
975 2075 1336 2129 ratiocinandi

317 2143 598 2198 leuitatem
651 2145 835 2212 grauis
881 2160 1039 2197 causa
1090 2145 1337 2215 pensauit

316 2211 398 2275 24,
446 2210 528 2266 10.
599 2213 776 2266 anima
829 2215 969 2267 sicut
1010 2228 1104 2280 per
1149 2229 1335 2281 corpus

315 2281 485 2333 sentit
519 2280 600 2333 ita
622 2296 715 2350 per
739 2297 794 2334 se
828 2281 1126 2350 intellegit„
1158 2297 1336 2334 eorum

313 2363 447 2470 235⁶
455 2349 792 2471 aazia?
803 2354 978 2486 12¹er
1009 2349 1338 2471 {wa

319 2484 434 2553 172,
471 2485 520 2540 2.
580 2486 901 2561 inimitabili
937 2486 1146 2555 eloquio
1181 2501 1332 2557 quae·

315 2552 451 2608 siuit
506 2554 720 2625 inuenit
777 2554 1018 2623 prodidit
1079 2552 1194 2621 122,
1251 2556 1332 2609 16.

317 2622 519 2691 indaga
538 2624 812 2691 distingue
834 2624 1126 2693 pronuntia
1151 2624 1264 2687 165,
1287 2626 1334 2679 5.

209 2691 272 2743 at
305 2689 390 2758 24,
428 2690 476 2745 1.
515 2692 598 2756 71,
634 2690 718 2745 21.
758 2692 872 2755 147,
909 2693 990 2746 18.
1029 2692 1142 2755 153,
1167 2693 1217 2746 5.
1253 2692 1334 2752 27,

315 2759 348 2813 9
384 2760 618 2827 (scripsi,
655 2764 709 2813 et
745 2760 911 2827 libri).
954 2763 1013 2813 at
1048 2760 1094 2813 si
1129 2760 1216 2829 23,
1257 2761 1335 2814 18.

313 2826 399 2891 40,
435 2828 517 2881 24.
555 2829 638 2891 58,
677 2828 757 2881 10.

211 2897 512 2949 atomorum
547 2898 758 2950 minuta
794 2898 910 2963 146,
945 2898 995 2951 9.

211 2966 400 3031 atquez
435 2964 519 3017 ita
554 2964 834 3019 concordat
861 2983 892 3019 a
955 2980 1023 3019 ue
1045 2966 1093 3019 si
1133 2964 1250 3030 140,
1285 2966 1335 3020 5.

213 3034 346 3152 atri:1
349 3100 366 3152 l
389 3034 896 3155 cappigglegdentia)
953 3033 1037 3100 83,
1069 3032 1153 3088 13.
1191 3035 1334 3103 (opp.

213 3108 567 3223 attractibnis
600 3140 615 3168 ³
629 3142 901 3239 eaiempla:
971 3183 1174 3239 semper
1231 3170 1336 3224 tibi

317 3239 503 3291 ueniat
555 3238 612 3291 in
659 3241 893 3292 mentem
936 3238 1139 3293 illius
1180 3254 1336 3309 quam

317 3306 631 3360 inurendam
667 3307 815 3361 ducis
840 3307 966 3360 aliis
1003 3308 1105 3361 alti
1140 3309 1334 3361 erroris

314 3374 666 3428 infamiam
695 3376 810 3441 106,
832 3374 915 3431 25.
950 3377 1130 3429 utrius
1151 3377 1336 3430 malles

313 3442 421 3495 tibi
457 3444 662 3511 copiam
709 3444 938 3497 facerem
974 3444 1092 3511 107,
1127 3442 1212 3497 26.
1273 3444 1336 3497 de

314 3512 440 3565 utra
491 3512 662 3565 mauis
715 3512 1058 3582 respondeam
1114 3512 1230 3579 179,
1285 3513 1332 3566 3.

208 3593 522 3728 εηοὲἒιὲῡὲἕ
523 3580 1016 3729 Ιὲῐειαῗιᾶςζῖἶέζῗᾶξ
1022 3578 1335 3703 1919,εὲᾆοπί-

313 3718 422 3769 tati
479 3717 739 3783 cedamus,
775 3732 870 3787 qui
903 3722 1165 3771 rationem
1199 3718 1335 3772 forte

311 3800 418 3837 non
454 3786 692 3853 capimus
727 3788 814 3849 89,
850 3784 885 3839 3
909 3786 1140 3855 passim.

207 3853 441 3907 auersim
476 3854 560 3919 89,
598 3854 678 3908 12.
947 3919 952 3921 .
1097 3875 1101 3880 ’

206 3925 500 3990 augmenta
538 3924 762 3990 recipere
797 3923 883 3989 28,
923 3923 974 3976 4.

205 3990 420 4043 anicula
457 3990 570 4056 146,
610 3991 691 4045 13.

205 4060 420 4111 auocari
456 4061 525 4113 ad
559 4075 804 4129 corporea
839 4060 923 4125 85,
963 4059 1054 4127 21.

206 4142 369 4181 aurae
392 4126 706 4197 liquidiores
724 4130 862 4181 aeris
888 4126 1004 4193 147,
1029 4128 1079 4182 6.
1103 4128 1160 4181 in
1179 4126 1336 4182 auras

311 4194 418 4248 tela
452 4202 623 4250 iacere
661 4196 774 4261 187,
811 4192 892 4249 19.

207 4266 356 4317 auris
392 4264 566 4318 cordis
601 4265 684 4329 97,
723 4265 770 4319 5.

203 4333 694 4457 ὃπεῐίἓ113ῐίεὲεώῑίῧε
731 4333 845 4399 122,
872 4332 954 4386 16.
1001 4348 1048 4389 a.
1085 4332 1338 4403 profanus

415 4440 428 4466 ,
541 4440 555 4455 .

1431 729 1438 734 ·
1541 703 1628 768 83,
1686 693 1751 756 15
1812 701 1929 769 (ubi
1977 703 2041 756 ia
2086 699 2449 756 adnotatione·
2498 717 2565 754 an

1539 771 1817 839 suspicari
1839 785 1955 826 non
1974 765 2243 836 debebam,
2260 771 2381 824 cmii
2392 770 2570 823 maria

1540 839 1696 894 lectio
1740 839 1823 906 ad,
1870 831 1929 893 at
1955 848 2069 907 pro
2113 841 2210 892 aut
2242 837 2571 910 sescentiens

1537 908 1617 1030 ig
1647 907 1917 962 Mamerti
1959 905 2230 962 codicibus
2270 904 2570 974 deprehen·

1616 981 1715 1030 tur
1736 1014 1749 1026 .

1437 1046 1619 1100 autem
1650 979 1779 1099 ue)ro
1813 1034 1931 1109 198,
1973 1043 2055 1100 10.

1438 1111 1806 1168 authenticus:
1871 1107 2303 1166 authenticorum
2366 1113 2567 1164 tracta-

1539 1183 1681 1235 tores
1716 1181 1799 1246 25,
1838 1180 1921 1234 17.
1957 1178 2269 1234 authentica
2294 1179 2569 1234 uolumina

1543 1249 1662 1317 143,
1697 1247 1781 1302 11.
1827 1249 1945 1314 145,
1991 1248 2075 1303 24.
2124 1277 2187 1288 -
2244 1247 2568 1302 anthemio-iz

1542 1319 1686 1372 sicut
1709 1334 1741 1372 a
1766 1317 2101 1398 philosophis
2122 1317 2191 1378 ad
2226 1319 2569 1380 tractatores,

1541 1385 1618 1439 sic
1652 1401 1685 1440 a
1718 1384 2109 1440 tractatoribus
2132 1374 2203 1440 ad
2228 1383 2570 1438 authenticos

1537 1454 1767 1524 gradum
1802 1454 2062 1508 faciamus
2099 1445 2221 1521 138,
2256 1454 2306 1508 3.

1433 1524 1713 1592 autumare
1770 1523 1858 1590 30,
1921 1522 1970 1576 7.
2038 1525 2104 1576 nt
2161 1525 2382 1576 autumo
2440 1526 2569 1586 (-as,

1540 1589 1627 1713 igi
1666 1591 1801 1713 31270,
1828 1591 1877 1644 2.
1914 1590 2031 1656 155,
2056 1592 2105 1644 5.
2143 1589 2259 1656 164,
2294 1590 2346 1644 4.
2371 1589 2490 1654 170,
2514 1590 2567 1642 2.

1435 1727 1729 1782 auxiliante
1762 1726 1857 1781 deo
1893 1728 2011 1792 193,
2054 1727 2137 1783 10.

1433 1905 1713 1988 Barbara:
1750 1932 2161 2003 grammaticam
2193 1931 2277 1985 uti
2302 1933 2567 1998 quandam

1535 2007 1818 2062 barbaram
1854 2009 2077 2078 propelli
2118 2009 2237 2074 204,
2277 2003 2361 2062 23.

1431 2073 1798 2132 barbarismus
1834 2077 1951 2140 204,
1988 2077 2071 2130 24.

1432 2142 1769 2266 ὴοαξίἓοαὺιιι·
1791 2146 2101 2215 angelorum
2125 2145 2421 2200 multitudo
2450 2145 2568 2212 167,

1432 2281 1719 2402 1)οαῖξὸᾱῖ
1728 2280 1880 2403 116245,
1928 2281 2009 2336 20.
2048 2285 2163 2356 loca
2199 2281 2553 2336 beatitudinis

1431 2416 1619 2471 beatus
1657 2417 1719 2470 de
1753 2419 1966 2472 domino
2005 2417 2119 2482 147,
2160 2419 2241 2472 19.

1433 2483 1614 2540 bellua
1664 2487 1883 2555 (ubique
1936 2487 2208 2541 coniwnct.
2262 2501 2382 2541 cum
2434 2502 2571 2542 uoce

1537 2554 1720 2677 ξιὶηηῗξ
1756 2556 1840 2622 49,
1876 2556 1925 2611 8.
1962 2556 2049 2620 68,
2089 2557 2168 2612 19.
2210 2556 2325 2621 173,
2364 2556 2445 2611 12.
2493 2556 2565 2622 cf.

1607 2663 1619 2685 ‚
1694 2638 1743 2676 ο.

1432 2690 1676 2745 belluina
1708 2692 1827 2745 uita
1863 2692 1944 2757 79,
1983 2693 2032 2747 7.
2075 2692 2148 2758 ef.
2187 2692 2305 2761 183,
2348 2694 2426 2749 15.

1433 2759 1565 2814 bene
1621 2760 1859 2813 conscius
1902 2762 1989 2827 25,
2036 2761 2119 2815 13.
2180 2762 2273 2830 qui
2319 2778 2427 2816 non
2461 2761 2568 2815 nisi

1536 2828 1666 2881 bene
1684 2829 1935 2895 credenti,
1954 2828 2085 2882 bene
2103 2844 2127 2881 s
2166 2830 2340 2883 eranti
2361 2832 2415 2884 et
2436 2831 2571 2883 bene

1432 2898 1815 3018 Μὲιιῗιοτὲδὲἰ
1850 2896 2069 3019 ggbit'ur
2138 2898 2190 2962 5,
2226 2898 2307 2952 13.

1553 2981 1610 3018 ia
1632 2982 1659 3019 e
1800 3004 1813 3030 ,
1922 3008 1933 3021 .

1436 3032 1615 3104 biceps
1651 3036 1947 3103 prolocutio
1984 3034 2067 3100 35,
2106 3036 2188 3091 19.

1434 3101 1687 3157 bifariam
1720 3102 1839 3169 205,-
1874 3104 1958 3156 25.

1436 3165 1806 3225 blandimenta
1840 3170 2204 3225 lenocinantia
2237 3172 2323 3236 23,
2360 3172 2417 3225 8.·

1437 3238 1709 3293 blanditer
1743 3238 1860 3303 184,
1906 3240 1985 3293 12.

1432 3305 1764 3375 blasphemia
1802 3306 1917 3371 140,
1956 3307 2036 3361 12.

1433 3373 1654 3429 botulus
1712 3379 1803 3442 (=
1826 3376 2197 3444 intestinum):
2255 3374 2562 3429 botulorum

1536 3442 1843 3496 inflexiones
1880 3442 1995 3509 175,
2042 3444 2090 3497 1.

1432 3511 1721 3566 brachium‘
1742 3510 1827 3579 65,
1863 3514 1909 3565 1.

1432 3581 1614 3634 breuis
1648 3580 1915 3649 capacitas
1952 3580 2093 3634 cutis
2130 3580 2211 3646 74,
2248 3581 2297 3635 6.

1433 3649 1721 3703 breuitatis
1758 3650 1938 3703 studio
1974 3649 2057 3712 99,
2092 3650 2144 3705 4.
2380 3649 2385 3655 ’

1434 3717 1672 3772 brumale
1706 3716 1883 3785 frigus
1921 3716 2003 3783 72,
2041 3717 2121 3773 19.

1433 3785 1737 3841 brutescere
1768 3786 1882 3852 107,
1924 3786 2007 3840 23.

1437 4023 1675 4180 anIcgga
1692 4050 1886 4179 {iubilo
1910 4051 2255 4121 ignorantiae
2283 4049 2569 4119 gentilitas

1641 4164 1655 4191 ,
1728 4163 1741 4178 .

1341 4217 1346 4223 ·
1435 4194 1726 4249 caecuttire
1765 4194 1876 4259 174,
1914 4196 1963 4248 3.

1434 4264 1659 4318 caelitus
1696 4262 1845 4315 edere
1881 4262 2025 4317 facta
2061 4260 2177 4326 122,
2214 4264 2261 4317 8.
2304 4280 2345 4317 0.
2384 4280 2565 4333 procu-

1539 4347 1657 4385 rare
1717 4329 1831 4397 125,
1895 4334 1975 4385 11.
2031 4348 2075 4387 0.
2120 4332 2399 4387 deciduum
2459 4332 2566 4385 mel

1537 4400 1658 4467 205,
1696 4398 1747 4454 9.
