3175 5050
1047 448 1137 503 De
1171 451 1362 504 statu
1398 450 1661 504 animae
1706 450 1766 504 ΙΙ
1805 451 1888 507 13.
2486 453 2611 520 153

337 633 498 718 gelio
531 634 852 700 dominus:
889 634 1150 700 nolite
1193 635 1478 701 timere
1515 655 1674 717 eos,
1724 637 2255 720 quioecidunt
2300 660 2603 724 corpu5‚

341 737 676 814 animam
721 741 981 805 autem
1029 757 1184 804 non
1226 744 1562 821 possunt
1609 741 1989 808 occidere.
2068 762 2199 822 eur,
2245 762 2473 826 quaeso
2519 747 2609 828 te,

341 841 618 907 animam
662 843 939 907 occidere
995 861 1120 908 non
1166 845 1373 925 potest
1441 844 1549 925 qui
1611 845 1884 910 occidere
1932 863 2152 929 corpus
2202 846 2435 932 potest,
2483 847 2607 911 nisi

337 944 486 1052 Quia
546 944 704 1009 forte
763 945 974 1010 anima
1030 963 1152 1010 non
1205 946 1303 1009 est
1361 949 1633 1028 corpus?
1679 946 1753 1012 tu
1796 967 1944 1014 uero
2002 949 2191 1015 dicis:
2240 967 2463 1032 eorpus
2510 949 2627 1022 est,

293 1047 611 1130 squidem,
657 1047 764 1113 sed
807 1049 1078 1132 tenuiuS,
1126 1065 1344 1131 corpus
1391 1049 1488 1113 est
1517 1049 1791 1130 quidem,
1825 1051 1933 1115 sed
1962 1052 2186 1118 leuius·
2257 1055 2325 1117 at
2356 1052 2605 1135 egomeiz
2658 1043 2673 1056 ‘

338 1168 699 1233 responsum
761 1151 990 1216 refero:
1057 1153 1306 1217 tenuius
1353 1152 1439 1217 sit
1492 1153 1643 1218 lieet
1710 1156 1772 1217 et
1815 1154 2039 1232 leuius,
2108 1156 2218 1220 sed
2265 1158 2499 1234 tamen,
2546 1153 2604 1219 si

340 1271 556 1336 eorpus
622 1255 736 1334 est,
804 1253 1004 1320 occidi
1068 1255 1277 1337 potest
1335 1254 1414 1319 ab
1459 1274 1554 1334 ee,
1601 1275 1639 1320 a
1674 1275 1795 1338 quo
1841 1275 2063 1340 corpus
2133 1258 2333 1324 occidi
2376 1259 2601 1341 potest.

339 1359 415 1422 de
457 1356 555 1421 his
600 1375 821 1441 nempe
865 1359 1106 1424 duobus
1149 1359 1414 1442 agimus,
1461 1359 1671 1424 anima
1714 1360 2015 1426 uidelicet
2060 1363 2122 1426 et
2155 1380 2422 1445 corpore,
2462 1361 2601 1443 qui-

338 1459 457 1525 bus
524 1460 714 1526 confit
777 1461 960 1526 homo
1016 1461 1311 1529 uisibilis.
1387 1461 1496 1545 qui
1553 1465 1723 1528 enim
1767 1463 1952 1528 dixit:
2013 1465 2271 1528 nolite
2316 1464 2600 1529 timere

257 1592 312 1632 ιο
335 1581 494 1642 eos,
549 1583 676 1630 non
723 1564 898 1643 dixit,
949 1565 1056 1646 qui
1114 1565 1406 1631 occidunt
1457 1565 1717 1648 spissius
1764 1557 2005 1649 eorpus»,
2050 1569 2307 1650 grauius
2356 1585 2600 1651 eorpuS,

335 1669 444 1732 sed
511 1668 642 1749 qui
707 1669 1076 1733 occidunt
1133 1687 1439 1751 eorpus.
1515 1672 1578 1733 et
1637 1670 1794 1735 item
1838 1686 1963 1733 non
2022 1669 2197 1749 dixit,
2244 1670 2493 1736 tenuius
2538 1670 2603 1734 et

334 1770 534 1835 leuius
596 1788 836 1856 corpus,
898 1771 1008 1836 sed
1053 1772 1392 1836 animam
1444 1791 1595 1839 non
1640 1772 1974 1854 possunt
2019 1772 2405 1839 occidere.
2482 1772 2600 1837 hoe

334 1891 561 1956 nempe
627 1876 893 1955 eorporis
952 1875 1203 1941 nomine
1255 1876 1477 1941 uiuens
1536 1875 1812 1958 profecto
1863 1894 2083 1958 corpus
2127 1875 2402 1956 malusii,
2451 1876 2599 1959 quia

332 1993 448 2040 nec
491 1977 686 2042 occidi
730 1977 876 2059 quid
919 1977 1045 2042 nisi
1089 1979 1313 2043 uiuum
1357 1982 1581 2061 potest,
1630 1997 1701 2044 ac
1743 1999 1851 2062 per
1898 1979 2015 2044 hoc
2045 1981 2100 2045 si
2131 1980 2344 2044 anima
2376 1996 2597 2062 eorpus

256 2107 310 2146 ιε,
331 2080 429 2144 esi.
470 2081 710 2160 uiuum,
770 2081 968 2146 occidi
1013 2084 1091 2149 ab
1150 2082 1264 2147 illo
1323 2085 1548 2165 potest,
1598 2101 1635 2147 a
1680 2101 1800 2165 quo
1854 2084 2063 2164 potest
2108 2101 2335 2165 eorpus
2384 2080 2600 2148 occidi.

331 2185 568 2248 ueritas
629 2183 811 2250 dicit:
871 2185 1006 2266 qui
1050 2187 1429 2252 occidunt
1475 2204 1801 2271 eorpm,
1848 2187 2187 2252 animam
2232 2204 2378 2251 non
2423 2201 2597 2268 pos-

333 2287 517 2351 sunt
573 2273 950 2352 occidere.
1025 2285 1150 2354 nen
1207 2289 1301 2353 est
1359 2289 1556 2374 igiizur
1618 2307 1841 2373 corpus
1896 2289 2123 2370 anima,
2191 2306 2347 2372 quae
2392 2287 2594 2352 occidi

332 2406 457 2453 non
522 2393 725 2472 potest
770 2410 808 2456 a
865 2389 1092 2473 quibus
1159 2407 1378 2475 corpus
1440 2391 1639 2457 occidi
1703 2393 1933 2474 potesta.
2008 2409 2229 2456 uerum
2300 2391 2595 2474 quoniam

330 2492 596 2560 leuanda
641 2493 734 2559 est
775 2493 1110 2578 perpetuae
1151 2493 1438 2561 lectionis
1482 2512 1669 2560 onere
1712 2495 1977 2579 legentis
2007 2493 2297 2574 intentio,
2334 2493 2595 2561 huiusce

251 2622 313 2663 20
329 2596 458 2663 iam
501 2597 839 2663 uoluminis
883 2599 1003 2663 iste
1046 2600 1128 2663 sit
1172 2597 1330 2664 finis,

535 2785 566 2837 1
601 2782 802 2837 Matth.
841 2783 922 2849 10,
959 2782 1028 2837 28

432 2954 460 3012 1
497 2954 694 3008 timore
729 2952 785 3009 R
987 2954 1022 3008 2
1057 2957 1114 3010 te
1149 2969 1250 3009 om.
1287 2955 1366 3008 Α*
1571 2955 1605 3009 6
1639 2953 1833 3026 leuius]
1871 2955 1947 3008 sit
1980 2954 2107 3010 add.
2146 2954 2199 3010 R
2392 2954 2506 3026 sed]
2544 2954 2595 3007 si

333 3039 382 3095 0
546 3040 578 3093 7
615 3056 798 3110 coi-pos
831 3041 889 3097 R
1062 3042 1096 3095 9
1131 3041 1344 3096 conficit
1367 3041 1448 3108 B,
1501 3042 1787 3095 conficitur
1808 3040 2051 3109 DEFP,
2105 3057 2228 3095 eum
2253 3042 2331 3097 sit
2356 3042 2455 3097 Rb

328 3126 398 3182 10
431 3124 567 3181 dicit
601 3127 651 3182 S
823 3126 1047 3197 spissius
1069 3128 1280 3198 eorpus]
1318 3128 1488 3197 ipsius
1513 3126 1744 3197 eorporis
1785 3127 1840 3183 G-
2024 3128 2088 3181 11
2125 3130 2182 3182 et
2203 3128 2355 3197 item]
2392 3127 2592 3183 etenim

325 3212 377 3269 S
567 3214 633 3267 12
667 3230 860 3283 corpus
895 3230 996 3269 om.
1031 3214 1146 3269 Mb
1352 3215 1418 3268 13
1452 3213 1684 3269 includit
1718 3212 1767 3269 Ο
1960 3212 2027 3267 14
2060 3228 2157 3281 pro
2192 3214 2276 3281 R,
2334 3230 2374 3283 p
2413 3213 2460 3268 S

327 3300 395 3353 16
429 3300 520 3353 sed
554 3305 688 3377 ante
723 3301 924 3355 ueritas
959 3300 1091 3358 add.
1131 3301 1185 3356 G
1379 3301 1579 3355 dieitur
1614 3298 1739 3355 RS*
1944 3300 2197 3370 animam]
2236 3302 2421 3355 autem
2456 3300 2589 3357 aad.

326 3386 384 3441 R
589 3388 652 3442 17
707 3388 943 3443 animam
999 3388 1063 3443 8²
1273 3390 1339 3443 18
1383 3387 1582 3458 potest]
1632 3387 1681 3440 si
1714 3388 1854 3456 quod
1891 3390 1972 3442 est
2012 3387 2143 3443 add.
2178 3386 2453 3443 Bao-tum
2494 3448 2497 3451 ⁴

323 3471 469 3539 quod
504 3472 641 3527 ΒΕι
848 3474 914 3528 19
949 3474 1204 3527 eleuanda.
1237 3474 1311 3527 M
1319 3473 1351 3527 b
1365 3513 1378 3539 ,
1437 3470 1723 3526 alleuanda
1759 3471 2030 3528 Barthius
