3175 5050
562 410 740 456 XVIII

560 579 741 646 modo
787 577 946 644 alter
989 579 1164 644 locus
1209 577 1612 660 explicandus
1658 579 1755 642 est
1784 578 1888 656 95,
1926 578 1967 642 2
1997 577 2153 659 quia
2182 576 2346 642 sicut
2378 578 2489 662 (Μ,
2521 577 2617 642 εἰσ
2650 577 2820 660 rell.)

445 680 466 690 “
561 682 648 748 ad
690 680 898 758 illum,
943 681 1049 745 cui
1091 679 1379 762 loqueris,
1427 680 1681 764 accedit,
1728 680 1825 744 ita
1862 679 1971 762 (Μ,
2018 679 2182 761 quod
2212 678 2381 766 rell.)
2430 702 2473 745 a
2517 685 2577 744 te
2605 681 2825 764 utique

558 803 690 848 non
734 783 974 863 recedit,
1022 781 1133 848 ubi
1179 783 1494 850 sententia
1520 783 1585 848 in
1616 783 1793 848 libris
1823 784 2075 866 praeter
2106 783 2177 848 M
2221 784 2389 849 recte
2423 784 2657 850 tradita
2688 803 2825 850 esse

558 887 838 968 putanda
881 886 994 966 est,
1041 886 1223 950 modo
1267 885 1430 968 quod
1449 883 1774 949 —recedit
1819 903 1887 950 ex
1934 885 2263 950 Claudiani
2308 887 2552 952 dicendi
2598 905 2823 970 genere

492 1020 502 1029 -
562 1007 671 1072 pro
718 992 789 1052 ut
835 1025 918 1035 —
962 987 1210 1052 recedat
1270 988 1511 1053 dictum
1557 1007 1685 1052 esse
1730 988 2081 1052 statuamus
2132 989 2233 1070 (cf.
2283 989 2476 1054 etiam
2521 988 2823 1071 Paucker,

563 1091 1044 1158 subrelictorum
1071 1092 1188 1156 lex.
1221 1091 1332 1158 lat.
1367 1091 1744 1157 scrutarium
1776 1109 1837 1172 p.
1870 1091 1957 1154 24
1986 1083 2240 1171 adnot).
2280 1126 2361 1137 -
2392 1093 2498 1174 50,
2533 1092 2613 1156 13
2661 1091 2826 1156 illud

563 1194 699 1258 iam
741 1193 925 1275 quale
967 1198 1075 1279 est,
1119 1193 1283 1275 quod
1327 1193 1401 1259 in
1442 1193 1578 1274 ipso
1632 1193 2091 1274 disputationis
2132 1196 2284 1257 tuae
2317 1193 2658 1276 principio
2704 1195 2824 1261 ad-

563 1298 944 1362 monendum
1000 1297 1328 1362 credidisti
1373 1316 1497 1361 esse
1541 1296 1848 1378 lectorem,
1908 1305 1978 1360 ut
2022 1297 2109 1360 ad
2154 1295 2489 1361 subtiliora
2532 1295 2655 1362 illa
2701 1298 2820 1382 (M,

565 1419 687 1465 om.
735 1401 900 1480 rell.)
950 1401 1242 1466 animum
1274 1401 1671 1480 praeparet?
1715 1402 1855 1464 uoci
1899 1398 2020 1463 illa
2064 1400 2237 1464 locus
2284 1419 2415 1465 esse
2449 1421 2571 1467 non
2602 1405 2825 1482 potest,

564 1522 709 1570 cum
738 1522 860 1568 non
892 1495 1090 1568 certas
1123 1505 1420 1586 quasdam
1452 1522 1551 1567 res
1584 1502 1939 1568 subtiliores
1971 1501 2322 1586 significare
2354 1504 2511 1568 uelit
2543 1504 2825 1587 scriptor,

565 1606 672 1672 sed
739 1623 953 1672 uocem
1009 1607 1447 1672 tantummodo
1503 1603 1839 1668 subtiliora
1896 1625 2036 1670 eum
2095 1624 2375 1688 premere
2439 1606 2712 1672 uoluisse
2756 1627 2830 1672 ex

563 1710 968 1792 sequentibus
1023 1710 1234 1774 uerbis
1292 1709 1414 1792 ipsi
1470 1707 1611 1773 uoci
1665 1705 1998 1772 subtiliora
2049 1707 2357 1774 enuntiati
2402 1711 2825 1775 antecedentis

565 1814 895 1897 oppositis:
943 1833 986 1875 a
1027 1813 1294 1877 summis
1338 1811 1426 1877 ad
1466 1811 1622 1890 ima,
1655 1808 1732 1872 ab
1761 1809 2149 1894 incorporeis
2180 1811 2267 1874 ad
2297 1831 2595 1894 corporea
2625 1813 2825 1876 ratio-

566 1917 777 1980 nalem
821 1919 1109 1980 nostrum
1152 1915 1408 1980 conaris
1453 1913 1772 1988 abducere,
1802 1915 2025 1980 elucet.
2094 1915 2305 1998 itaque
2346 1918 2555 1997 potius
2598 1917 2825 1996 aliqua

566 2038 675 2103 pro
732 2019 855 2084 illa
915 2021 1314 2085 scribendum
1372 2025 1522 2096 erat,
1580 2019 1689 2083 sed
1735 2037 1811 2083 ne
1855 2018 1921 2082 id
1969 2019 2218 2100 quidem
2264 2021 2699 2084 necessarium.
2747 2056 2822 2066 —

564 2121 671 2202 50,
738 2123 817 2188 18
877 2121 936 2185 si
995 2120 1199 2186 adhuc
1258 2124 1557 2186 creatura
1614 2121 1889 2184 materia
1942 2125 2049 2199 est,
2118 2121 2409 2186 nondum
2465 2143 2606 2204 erqo
2650 2120 2828 2187 homo

566 2225 880 2306 formatus
930 2229 1021 2288 est
1062 2226 1318 2306 praebet
1364 2225 1454 2303 Μ,
1513 2228 1619 2290 sed
1663 2226 1863 2290 multo
1908 2224 2364 2307 significantius
2411 2226 2638 2307 reliqui
2682 2226 2828 2291 libri

571 2328 866 2395 exhibent
909 2328 1194 2393 nondum
1239 2347 1381 2412 erqo
1427 2328 1744 2409 formatus
1787 2347 1867 2392 es.
1902 2366 1981 2376 —
2013 2329 2115 2406 51,
2167 2330 2244 2394 18
2291 2349 2437 2394 cum
2476 2329 2829 2392 discernere

569 2450 840 2514 nequeas
891 2452 934 2494 a
987 2435 1190 2496 creato
1247 2431 1606 2512 materiam,
1664 2431 1743 2494 ab
1797 2430 2067 2510 informi
2124 2430 2493 2512 formatum,
2554 2431 2630 2495 ab
2686 2449 2829 2496 aere

567 2536 886 2623 spiritum,
932 2536 1025 2599 sic
1075 2536 1190 2617 (M,
1233 2536 1307 2599 in
1351 2534 1514 2613 rell.)
1561 2534 1909 2616 imaqinem
1951 2534 2055 2599 dei
2070 2537 2471 2616 pronuntias
2500 2539 2827 2617 tamquam

560 2632 1041 2719 potissimorum
1071 2638 1284 2722 scituS,
1331 2638 1444 2719 qui
1486 2638 1896 2702 minimorum
1928 2638 2234 2717 probaris
2276 2638 2576 2721 iynarus:
2623 2640 2825 2702 locum

569 2742 736 2806 hunc
780 2742 931 2805 satis
977 2740 1304 2805 difficilem
1351 2744 1429 2806 ad
1473 2739 1968 2823 intellegendum
2021 2741 2139 2805 tali
2184 2742 2363 2805 modo
2409 2742 2831 2823 interpretan-

571 2845 722 2909 dum
769 2862 902 2909 esse
948 2862 1186 2909 censeo,
1252 2844 1448 2912 uerba
1490 2844 1602 2923 qui
1647 2842 2059 2907 minimorum
2092 2843 2393 2924 probaris
2424 2843 2693 2926 iqnarus
2725 2864 2827 2908 ex-

571 2947 890 3030 plicantur
935 2946 1258 3011 enuntiato
1303 2965 1446 3010 cum
1487 2946 1841 3011 discernere
1884 2965 2157 3026 nequeas
2177 2946 2588 3026 —spiritum,
2644 2965 2829 3028 quam

575 3052 650 3115 ob
694 3068 826 3113 rem
856 3051 1007 3113 haec
1039 3050 1136 3113 est
1165 3050 1356 3114 totius
1387 3050 1623 3131 periodi
1654 3048 1997 3114 sententia:
2035 3040 2202 3113 ‘cum
2235 3049 2495 3115 minoris
2527 3050 2829 3114 momenti

573 3170 672 3217 res
721 3152 1070 3217 discernere
1113 3171 1402 3237 nequem,
1448 3154 1624 3217 uelut
1670 3173 1707 3218 a
1737 3153 1947 3220 creato
1991 3153 2322 3219 materiam
2356 3154 2494 3231 etc„
2529 3155 2603 3218 de
2633 3154 2826 3235 potis-

572 3255 748 3320 simis
793 3254 1000 3339 rebuS,
1045 3254 1112 3320 id
1157 3257 1251 3321 est
1294 3254 1368 3321 de
1411 3256 1683 3339 imagine
1732 3258 1829 3323 dei
1881 3256 2121 3338 (anima
2151 3255 2452 3334 humana)
2490 3256 2592 3320 1161
2622 3256 2829 3339 potius

574 3360 792 3422 contra
846 3358 1193 3442 imaginem
1249 3360 1347 3425 dei
1406 3358 1698 3424 disseris'.
1776 3378 1933 3441 quae
1985 3358 2042 3423 si
2086 3360 2251 3424 recte
2296 3358 2617 3439 disputata
2661 3361 2827 3441 sunt,

575 3460 842 3525 dubium
911 3479 1044 3525 esse
1112 3479 1234 3525 non
1298 3463 1522 3546 potest,
1593 3462 1743 3543 quin
1807 3462 1883 3525 in
1947 3481 2057 3545 pro
2119 3462 2214 3526 sic
2274 3461 2669 3527 scribendum
2726 3463 2828 3525 sit.

564 3562 961 3645 pronuntias
1005 3564 1124 3629 hoc
1168 3562 1304 3628 loco
1363 3563 1649 3629 absolute
1694 3562 1972 3646 positum
2032 3583 2247 3629 ansam
2294 3564 2536 3629 dedisse
2580 3564 2830 3629 uidetur

572 3666 1010 3750 interpolatori
1085 3666 1163 3730 ad
1238 3665 1316 3731 in
1389 3667 1455 3731 in
1529 3666 1622 3731 sic
1696 3667 2183 3731 immutandum.
2234 3704 2313 3714 —
2358 3665 2463 3742 54,
2527 3667 2560 3730 1
2631 3666 2831 3749 iqitur

573 3768 889 3833 euidenter
950 3768 1218 3833 ostendit
1275 3769 1530 3833 nullum
1587 3787 1815 3851 corpus
1878 3768 2217 3850 quamlibet
2272 3786 2639 3851 supremum
2682 3768 2827 3848 loco,

572 3870 917 3951 quamlibet
951 3874 1174 3951 potens
1216 3876 1388 3936 motu
1429 3872 1823 3954 incorporeis
1856 3890 2042 3955 posse
2060 3871 2383 3953 praeponi
2418 3873 2531 3955 (M,
2563 3871 2831 3952 conponi

572 3974 774 4056 rell.):
820 3975 1148 4039 lectionem
1192 3975 1462 4057 conponi
1495 3978 1838 4061 genuinam
1868 3993 2001 4040 esse
2035 3994 2108 4039 ex
2138 3975 2362 4053 uerbis,
2412 3992 2567 4057 quae
2611 3974 2830 4038 statim

573 4078 937 4157 sequuntur,
993 4079 1283 4159 apparet:
1340 4096 1599 4143 rursum
1641 4078 1717 4141 in
1761 4078 2219 4160 conparatione
2265 4076 2543 4160 qradum
2586 4076 2831 4157 faciens

573 4176 758 4243 dicit:
826 4178 980 4244 adeo
1046 4180 1293 4246 diuinis
1356 4179 1671 4246 hominem
1736 4181 2089 4260 conparari
2143 4200 2273 4244 non
2320 4199 2524 4261 posse,
2591 4182 2667 4243 ut
2719 4198 2831 4244 nec

575 4280 838 4365 angelus
870 4282 1095 4367 possit,
1141 4283 1254 4349 ubi
1297 4302 1416 4350 uox
1458 4284 1805 4365 conparari
1848 4285 2182 4368 respondet
2212 4286 2401 4350 uerbo
2436 4284 2832 4349 antecedenti
