3175 5050
641 386 734 453 ’64
1419 380 1787 439 Claudiani
1822 379 2143 435 Mamerti

643 592 766 653 ma,
791 571 1011 655 recipit
1032 572 1248 656 utique
1269 573 1645 639 sectionem:
1670 572 1726 639 si
1748 571 1973 656 recipit
1999 572 2358 655 sectionem,
2384 571 2609 657 recipit
2630 571 2915 639 inminu-

644 676 911 744 tionemz
957 676 1014 741 si
1057 674 1538 741 inminutionem
1586 675 1829 758 recipit,
1874 673 2120 760 perdita
2164 676 2421 759 quisque
2466 674 2603 742 uiui
2642 676 2915 759 corporis

643 780 822 862 parte
879 777 1126 845 animae
1171 795 1413 861 quoque
1463 777 1671 862 perdit
1714 780 1979 861 partem.
2057 795 2201 855 cum
2246 780 2425 861 parte
2472 796 2619 845 uero
2664 777 2915 846 animae

642 882 813 966 perit
873 898 1020 963 pars
1080 881 1436 959 memoriae,
1511 882 1721 947 anima
1765 899 1930 964 ergo,
1978 882 2149 947 cuius
2194 880 2513 949 inminuta
2555 879 2915 947 substantia

643 989 761 1067 est,
805 985 1017 1053 minus
1064 983 1254 1049 debet
1298 983 1513 1067 utique
1561 982 1947 1053 meminisse.
2023 1000 2095 1049 ac
2139 1002 2250 1065 per
2292 982 2417 1051 hoc
2461 982 2519 1049 si
2560 982 2781 1051 localis
2812 987 2912 1057 est
2966 1006 2989 1043 ε

642 1086 875 1169 anima,
921 1087 1296 1154 multimoda
1339 1087 1548 1170 potest
1582 1086 1859 1155 sectione
1889 1086 2230 1154 comminui
2261 1086 2325 1151 et
2350 1085 2707 1168 frequentia
2737 1103 2909 1151 com-

643 1190 1010 1257 minutionis
1053 1188 1309 1257 aboleri.
1386 1189 1498 1253 sed
1541 1188 1691 1271 quia
1724 1187 1896 1255 istud
1940 1202 2119 1257 mens
2150 1205 2323 1267 sana,
2355 1206 2433 1253 ne
2464 1186 2670 1255 dicam
2702 1186 2909 1265 docta,

643 1311 770 1359 non
825 1292 1074 1375 recipit,
1131 1295 1204 1358 ut
1249 1290 1603 1359 inlocalitas
1649 1290 1917 1370 animae,
1963 1293 2274 1372 quantum
2321 1308 2433 1375 per
2473 1308 2587 1355 nos
2632 1288 2749 1355 sub
2795 1307 2909 1375 ope

645 1395 862 1465 diuina
890 1394 1154 1479 proferri
1183 1393 1482 1477 potuerit,
1515 1393 1723 1477 magis
1745 1394 2063 1477 adpareat,
2096 1383 2174 1460 de'
2200 1392 2481 1463 motibus
2512 1393 2909 1471 disseramus,

644 1499 792 1582 quia
835 1498 1096 1571 dubium
1137 1516 1262 1565 non
1307 1498 1444 1579 erit,
1491 1499 1655 1562 sicut
1701 1514 1925 1580 corpus
1960 1496 2255 1580 estquod
2285 1498 2573 1565 mouetur
2602 1495 2906 1574 localiter,
2930 1523 2989 1563 ιο

644 1601 740 1671 ita
780 1621 901 1671 non
949 1620 1086 1671 esse
1131 1619 1350 1686 corpus
1395 1601 1558 1685 quod
1603 1600 1887 1669 localiter
1932 1618 2054 1667 non
2098 1604 2409 1671 mouetur.

1639 1886 1908 1973 XVIII.

1436 2078 1607 2127 TRES
1649 2077 1809 2127 ESSE
1868 2077 2116 2127 MOTVS.

731 2213 887 2281 Tres
933 2231 1079 2297 ergo
1124 2233 1260 2281 esse
1301 2218 1532 2297 metue,
1580 2218 1889 2299 stabilem,
1944 2216 2279 2289 inlocalem
2329 2215 2718 2299 localemque
2776 2213 2906 2284 iam

643 2320 865 2384 notum
933 2320 1050 2383 est.
1116 2317 1373 2388 stabilis
1439 2322 1649 2392 motus
1704 2319 1805 2385 dci
1864 2320 1977 2402 est,
2037 2318 2325 2389 inlocalis
2378 2317 2643 2397 animae,
2687 2318 2903 2387 localis
2928 2344 2982 2383 ιε

645 2420 940 2505 corporis,
1013 2422 1260 2490 stabilis
1304 2422 1516 2493 metus
1555 2425 1656 2489 est
1701 2423 1866 2504 quod
1910 2422 2059 2487 deus
2106 2422 2455 2493 creaturam
2498 2439 2624 2491 non
2657 2440 2907 2505 semper

642 2526 814 2600 fecit,
860 2525 973 2590 sed
1015 2528 1230 2593 tamen
1273 2526 1533 2595 eandem
1575 2543 1704 2593 non
1732 2542 1897 2592 noua
1924 2525 2253 2596 uoluntate
2282 2526 2437 2596 tunc
2456 2544 2674 2596 ‚creare
2694 2524 2909 2596 ,uoluit

643 2645 786 2694 cum
829 2629 1085 2709 creauit,
1131 2628 1282 2711 quia
1323 2647 1570 2714 semper
1614 2632 1767 2694 tunc
1818 2627 2025 2696 uoluit
2069 2645 2275 2698 creare
2320 2647 2461 2712 cum
2507 2627 2677 2694 fecit.
2754 2629 2907 2696 tunc

645 2730 944 2812 temporis
1006 2730 1379 2814 significatio
1446 2731 1561 2812 est,
1638 2750 1885 2816 semper
1956 2750 2079 2798 non
2142 2733 2223 2803 ad
2296 2732 2541 2818 tempus
2612 2731 2903 2814 pertinet.

643 2834 799 2901 tunc
843 2851 986 2916 ergo
1031 2833 1204 2900 istud
1247 2837 1327 2908 ad
1355 2835 1747 2919 ⁸principium
1792 2836 2093 2919 temporis
2136 2837 2428 2919 pertinet,
2475 2853 2600 2900 non
2629 2835 2712 2900 ,ad
2740 2836 2902 2902 tem·
2924 2861 2979 2900 zo

643 2954 781 3018 pus,
841 2937 986 3019 quia
1040 2939 1512 3021 temporaneum
1565 2942 1811 3005 motum
1856 2939 2174 3005 stabilitas
2218 2938 2634 3022 sempiternae
2679 2937 2902 3003 uolun-

645 3037 799 3103 tatis
873 3037 1159 3120 includit,
1235 3058 1308 3105 ac
1351 3058 1459 3123 per
1501 3041 1621 3106 hoc
1666 3059 1910 3125 semper
1956 3045 2107 3106 tunc
2173 3043 2337 3106 uelle
2388 3040 2637 3107 stabilis
2693 3044 2905 3106 motus

645 3141 760 3206 est.
829 3139 932 3206 hic
997 3141 1240 3224 oportet
1295 3143 1559 3228 accipias
1618 3143 1778 3210 nihil
1821 3142 2057 3208 moueri
2114 3161 2291 3227 posse
2348 3144 2475 3209 nisi
2521 3145 2599 3209 ab
2643 3144 2905 3219 inmoto,

646 3244 833 3326 atque
877 3246 949 3308 ut
992 3243 1060 3311 id
1104 3246 1433 3312 doceamus
1477 3248 1776 3330 exemplo,
1818 3247 2089 3330 digitum
2118 3252 2287 3314 certe
2319 3245 2441 3315 nisi
2470 3247 2683 3317 stante
2712 3264 2905 3315 manu

751 3534 779 3587 1
835 3533 1252 3592 inmutationem
1303 3534 1618 3591 ABD²EF
1662 3538 1897 3605 utroque
1912 3575 1925 3600 ,
1978 3535 2037 3592 R
2080 3535 2275 3604 priore
2318 3534 2432 3594 loco
2639 3535 2675 3588 3
2726 3533 2911 3606 perdit

643 3652 788 3720 Mb,
846 3653 1084 3724 perdidit
1133 3655 1252 3710 reu.
1305 3659 1358 3710 et
1409 3654 1530 3710 sea
1757 3656 1790 3709 e
1842 3627 2159 3710 multimodi}
2215 3655 2282 3722 s,
2342 3655 2664 3712 multimodo
2728 3655 2775 3710 0

643 3791 908 3846 sectiones!
960 3790 1018 3847 R
1221 3791 1532 3862 comminui]
1578 3791 1753 3846 diuidi
1796 3791 2135 3854 ABDEFP
2138 3794 2208 3862 12²
2412 3792 2482 3846 10
2536 3791 2609 3862 qd
2661 3743 2913 3846 {sonetur

640 3877 887 3933 localiter
941 3876 991 3932 S
1208 3878 1276 3932 14
1325 3882 1502 3932 motus
1555 3893 1667 3932 esse
1723 3877 1953 3933 editores
2157 3877 2502 3934 inlocabilem
2556 3877 2606 3933 S
2802 3893 2907 3946 que

641 3962 928 4018 iam—est
961 3978 1066 4018 om.
1111 3962 1166 4018 G
1371 3964 1438 4018 16
1482 3979 1588 4033 quo
1630 3980 1675 4033 p
1882 3964 1948 4017 17
1982 3963 2079 4018 sed
2111 3964 2250 4031 Mb,
2311 3966 2367 4016 et
2399 3955 2518 4020 rell.
2555 3970 2609 4019 et
2642 3963 2764 4019 Sel».

639 4049 761 4102 tum
794 4047 870 4103 M
876 4048 907 4102 b
1115 4049 1182 4104 18
1216 4050 1346 4102 tunc
1380 4065 1584 4118 semper
1620 4049 1678 4102 B
1881 4051 2003 4102 tum
2029 4051 2101 4118 12²
2304 4065 2481 4104 creare
2516 4050 2699 4104 uoluit
2732 4048 2907 4104 ΔΒΖ)

519 4183 524 4188 ,
640 4133 826 4202 ΕΡΡ’
1020 4134 1088 4188 19
1123 4135 1452 4202 significatio
1489 4137 1574 4189 est
1608 4135 1865 4203 temporis
1902 4133 1950 4188 S
2129 4150 2241 4189 non
2276 4151 2377 4190 om.
2414 4135 2472 4191 R
2666 4136 2731 4190 21
2768 4139 2903 4190 tem-

640 4235 994 4290 por-aneorum
1048 4222 1226 4274 motus
1283 4221 1337 4277 G
1541 4221 1611 4275 22
1664 4237 1871 4290 semper
1922 4237 2023 4276 om.
2077 4237 2118 4290 p
2322 4221 2393 4276 23
2444 4221 2658 4276 inmotu
2709 4221 2765 4280 R

638 4305 710 4360 24
742 4305 802 4360 id
836 4321 936 4360 om.
971 4305 1262 4362 ABDEF
1281 4305 1403 4364 Βοὴ.
1610 4308 1815 4362 istante
1848 4306 1963 4374 H1,e
2010 4308 2253 4362 instante
2294 4306 2497 4364 GLRS
