3175 5050
661 441 790 508 164
1425 441 1794 497 Claudiani
1832 441 2149 496 Mamerti

651 647 812 698 suae
858 632 1229 699 conueniens
1274 634 1473 737 gessit
1530 631 1830 698 officium.
1908 649 2053 715 ergo
2096 631 2264 698 sicut
2306 632 2593 698 localiter
2636 631 2821 698 stetit
2862 633 2919 696 et

659 734 943 801 localiter
987 735 1219 814 sonuit,
1263 735 1360 801 ita
1404 737 1469 801 et
1511 735 1806 800 localiter
1846 734 2031 801 uidit.

744 856 868 921 Hic
920 874 1082 921 nunc
1138 872 1250 938 pro
1304 854 1428 921 fine
1484 854 1864 939 quaestionis
1922 854 2192 940 inquiro,
2249 857 2620 922 utrumnam
2667 854 2914 924 Gabriel

657 957 944 1042 angelus,
974 961 1048 1023 ut
1075 960 1150 1023 tu
1179 959 1492 1040 autumas,
1535 959 1741 1025 solum
1775 975 1999 1042 corpus
2028 960 2095 1025 in
2127 958 2658 1042 contemplatione
2684 957 2913 1022 Mariae

657 1061 1058 1146 corporaliter
1117 1066 1450 1146 occupatus
1509 1081 1634 1128 uno
1694 1064 2031 1145 eodemque
2088 1062 2254 1141 uisu,
2306 1080 2431 1127 uno
2478 1064 2667 1145 atque
2708 1061 2912 1126 eodem
2946 1065 2967 1103 ⁵

658 1169 937 1248 tempore
965 1165 1295 1230 inlocalem
1327 1166 1513 1231 deum
1543 1164 1900 1230 inlocaliter
1922 1165 2173 1242 uiderit,
2208 1183 2327 1248 quo
2359 1166 2625 1232 localem
2654 1163 2914 1229 Mariam

656 1268 942 1335 localiter
996 1267 1181 1335 uidit.
1258 1271 1417 1353 quod
1475 1268 1623 1352 quia
1673 1267 1810 1333 fieri
1868 1286 1979 1352 pro
2024 1268 2300 1352 corporei
2346 1261 2535 1352 atque
2578 1263 2913 1348 incorporei

655 1370 1020 1438 diuersitate
1065 1390 1190 1437 non
1236 1370 1485 1450 sinitur,
1517 1372 1719 1437 restat
1748 1375 1821 1436 ut
1853 1372 1965 1437 aut
1991 1370 2259 1438 Mariam
2291 1370 2550 1438 Gabriel
2579 1387 2912 1452 numquam

656 1474 888 1540 uiderit
942 1476 1054 1541 aut
1106 1475 1290 1542 deum
1345 1474 1559 1541 uidere
1632 1478 1990 1541 cessauerit.
2066 1475 2175 1540 sed
2218 1475 2367 1541 huic
2409 1476 2571 1542 falso
2616 1473 2915 1540 sententia

655 1577 944 1644 ueritatis
987 1578 1257 1664 obsistit,
1290 1596 1412 1663 qua
1441 1579 1684 1644 dictum
1715 1581 1836 1644 est:
1884 1580 2063 1661 quia
2107 1579 2380 1664 angeli
2424 1598 2690 1645 eorum
2736 1594 2968 1642 sem-10

655 1699 784 1765 per
826 1681 1116 1747 uident
1168 1682 1455 1747 faciem
1505 1683 1770 1766 patris
1824 1683 1991 1747 mei.
2066 1683 2121 1748 si
2166 1701 2409 1766 semper
2450 1683 2693 1758 uident,
2740 1695 2913 1745 num-

652 1802 846 1867 quam
900 1802 1025 1851 non
1082 1785 1320 1852 uident.
1393 1784 1491 1850 sin
1545 1787 1759 1850 autem
1816 1787 2059 1868 quando
2110 1784 2370 1854 Gabriel
2412 1783 2679 1849 Mariam
2744 1779 2905 1848 uidit

657 1888 841 1953 deum
899 1887 1114 1954 uidere
1173 1886 1440 1967 destitit,
1501 1905 1624 1953 non
1686 1905 1831 1970 erge
1890 1906 2137 1969 semper
2196 1888 2404 1971 angeli
2448 1887 2637 1952 deum
2681 1882 2910 1949 uident·

654 1991 853 2074 igitur
896 1991 1010 2057 aut
1053 1995 1297 2074 quando
1343 1991 1607 2060 Gabriel
1657 1989 1927 2058 Mariam
1972 1992 2136 2058 uidit
2193 1993 2378 2058 de'um
2407 1991 2623 2058 uidere
2653 1987 2909 2068 destitit,

653 2099 766 2160 aut
812 2113 1032 2162 uerum
1078 2113 1199 2160 non
1243 2095 1364 2160 erit
1409 2095 1574 2178 quod
1619 2094 1856 2160 ueritas
1902 2095 2078 2161 dixit.
2155 2097 2534 2179 quapropter
2577 2091 2905 2160 indissolu-
2924 2109 2965 2151 15

637 2198 789 2278 bili,
844 2201 918 2265 ut
972 2200 1168 2282 patet,
1224 2197 1468 2263 ratione
1526 2197 1941 2281 concluditur,
2001 2201 2162 2281 quod
2203 2199 2353 2280 >quia
2396 2197 2583 2264 locali
2630 2197 2776 2263 uisu
2818 2213 2907 2260 eo-

656 2301 922 2386 demque
966 2301 1032 2368 iu
1076 2300 1314 2367 Mariae
1359 2301 1887 2386 contemplatione
1935 2302 2127 2367 defixo
2174 2303 2433 2385 angelus
2476 2302 2666 2367 deum
2707 2299 2907 2368 uidere

655 2422 783 2471 non
841 2405 1052 2489 potuit
1097 2408 1161 2470 et
1217 2408 1430 2472 tamen
1496 2409 1653 2471 tunc
1698 2423 1939 2488 quoque
1997 2406 2279 2474 Gabrieli
2323 2407 2512 2471 deum
2555 2407 2771 2472 uisum
2812 2421 2906 2468 ne-

654 2528 802 2595 gare
870 2530 993 2576 non
1059 2508 1233 2589 licet,
1299 2530 1378 2575 ne
1444 2509 1620 2575 iuxta
1676 2506 1912 2575 diaboli
1981 2526 2197 2574 casum
2251 2509 2316 2573 in
2372 2507 2623 2575 miseria
2678 2506 2906 2575 scilicet

654 2633 954 2698 umquam
999 2633 1123 2681 non
1167 2612 1424 2680 uidendi
1461 2613 1648 2679 deum
1676 2613 2075 2679 inmutabilis
2105 2612 2237 2677 iam
2266 2612 2679 2678 beatitudinis
2710 2608 2963 2695 angelino

655 2722 884 2783 natura
929 2718 1246 2795 deciderit,
1291 2720 1377 2784 sit
1420 2717 1488 2781 in
1537 2734 1608 2783 eo
1654 2735 1945 2801 corporea
1988 2716 2474 2800 incorporeaque
2518 2715 2903 2782 substantia:

655 2838 784 2886 una
843 2839 968 2903 qua
1028 2822 1129 2887 uel
1189 2819 1482 2887 uideatur
1541 2820 1781 2902 corpori
1840 2820 1947 2885 uel
1992 2820 2393 2903 corporaliter
2438 2820 2671 2904 uideat,
2719 2820 2909 2885 altera

654 2942 778 3007 qua
820 2924 1293 3007 incorporaliter
1335 2925 1771 3007 incorporeum
1812 2924 1945 2989 sine
1988 2925 2113 2990 fine
2158 2923 2530 3007 conspiciat..

866 3143 932 3198 10
965 3144 1166 3198 Matth.
1205 3144 1288 3209 18,
1325 3143 1392 3200 10

759 3349 796 3404 4
827 3351 892 3403 tu
927 3365 1031 3404 om.
1067 3348 1370 3415 ABDEF,
1419 3351 1542 3404 tute
1581 3350 1635 3405 G
1840 3351 1905 3403 ut
1940 3315 2120 3404 tuffias
2157 3348 2204 3404 S
2401 3350 2434 3404 6
2481 3350 2624 3419 quod
2668 3352 2781 3407 AB

655 3439 690 3492 8
725 3439 822 3492 aut
857 3451 957 3490 om.
996 3435 1116 3491 Βοὴ.
1325 3436 1497 3498 maria
1548 3436 1606 3492 R
1813 3438 1847 3492 9
1899 3436 2052 3489 deum
2110 3451 2209 3491 om.
2256 3451 2303 3504 p
2509 3436 2683 3491 uideri
2742 3436 2788 3490 Ο

657 3524 725 3578 10
759 3522 887 3592 quia
919 3520 1167 3577 AOH²S
1333 3522 1394 3577 11
1435 3523 1560 3592 mei]
1600 3524 1695 3591 qui
1728 3522 1785 3577 in
1822 3522 1983 3576 caelis
2018 3524 2103 3575 est
2136 3521 2267 3576 add.
2293 3520 2416 3577 Sele..
2596 3524 2663 3577 12
2696 3524 2812 3577 sint
2841 3519 2905 3585 A,

656 3610 705 3663 si
755 3609 830 3664 M
837 3610 869 3662 b
1080 3609 1145 3662 13
1197 3607 1418 3664 desistit
1471 3608 1657 3673 BDF,
1718 3625 1824 3663 non
1879 3608 2094 3663 destitit
2134 3611 2203 3677 1⁰²
2407 3609 2609 3680 angeli]
2664 3605 2903 3679 gabrihel

654 3694 711 3750 R
942 3693 1086 3747 uidit
1136 3694 1193 3750 R
1436 3696 1501 3749 14
1552 3695 1757 3766 uidere]
1812 3711 1919 3749 non
1970 3693 2099 3749 add.
2158 3695 2213 3754 G
2451 3697 2673 3750 desistit
2725 3697 2779 3752 B

656 3781 722 3835 17
758 3770 1262 3848 contemplationem
1300 3780 1378 3834 M
1382 3780 1413 3835 b
1612 3782 1678 3835 18
1712 3783 1843 3836 tunc
1878 3796 1978 3836 om.
2006 3796 2052 3849 p
2242 3779 2485 3850 gabrielo
2520 3777 2909 3839 ABG'GHLM

654 3866 798 3923 RSb
969 3868 1161 3937 negari
1196 3866 1271 3921 M
1275 3866 1306 3919 b
1492 3868 1560 3922 19
1596 3884 1690 3923 nec
1724 3867 1795 3922 M
1805 3867 1837 3921 b
2021 3883 2236 3922 causam
2270 3869 2327 3925 R
2352 3868 2472 3923 Βοὴ.
2644 3870 2906 3925 misterius

654 3952 783 4006 licet
829 3952 910 4020 A,
969 3951 1214 4007 miserias
1258 3952 1387 4007 licet
1431 3951 1729 4016 BHLRS,
1787 3953 2005 4007 miseria
2052 3954 2257 4010 scilicet
2301 3953 2482 4009 ΒΕΓ
2686 3954 2757 4009 20
2806 3968 2902 4009 non

653 4087 760 4127 om.
796 4070 870 4125 M
881 4072 912 4126 b
1094 4073 1161 4127 21
1198 4038 1446 4127 deciderit
1482 4070 1529 4127 δ’
1713 4073 1783 4127 22
1818 4089 1923 4143 qua
1944 4075 2032 4129 uel
2056 4076 2321 4147 uideatur]
2358 4078 2485 4145 quia
2506 4078 2691 4134 uideat
2724 4079 2781 4136 R

649 4157 906 4212 uideatur
933 4161 1001 4229 1³²
1207 4159 1278 4214 23
1312 4173 1449 4228 quae
1485 4159 1615 4213 libri
1642 4166 1869 4230 praeter
1900 4160 2147 4216 DEFM
