3175 5050
1023 451 1114 505 De
1147 452 1344 506 statu
1379 450 1645 505 animae
1686 449 1779 504 ΙΙΙ
1814 449 1899 503 11.
2472 448 2595 513 175

324 659 502 718 caua,
547 658 706 722 quae
749 641 1067 705 tortuosae
1096 635 1458 719 botulorum
1501 638 1919 720 enodibusque
1946 637 2237 721 ligaturis
2269 637 2595 721 explicitae

327 743 684 810 inflexiones
745 761 818 808 ac
877 739 1261 808 reflexiones.
1335 759 1474 808 ecce
1531 739 1683 823 quid
1740 757 1931 822 negas
1989 741 2227 807 arbitro
2270 759 2455 822 super
2496 741 2597 806 his

328 863 625 930 responsa
679 844 1054 911 redhibere?
1113 861 1223 910 cur
1277 843 1476 926 igItur
1525 844 1768 927 negas?
1829 844 1973 926 quia
2008 844 2307 910 uidelicet
2347 845 2596 910 animus

328 968 438 1034 per
492 967 625 1014 sese
687 966 981 1032 corporea
1030 965 1426 1030 nequaquam
1471 945 1666 1014 uidet.
1741 945 1849 1011 sed
1894 965 2005 1012 cur
2051 946 2262 1012 uidere
2308 965 2598 1031 corporea

281 1079 313 1120 z
331 1070 721 1136 nequaquam
788 1051 1007 1134 possit,
1077 1069 1259 1134 quem
1329 1069 1451 1116 non
1508 1049 1645 1115 sine
1698 1050 1843 1115 uisu
1900 1068 2033 1116 esse
2088 1052 2216 1116 iam
2259 1050 2597 1116 constitit?

329 1174 512 1222 nemo
569 1154 909 1239 quidquam
964 1173 1323 1237 corporeum
1380 1153 1576 1231 uidet,
1638 1154 1749 1236 qui
1792 1153 2174 1238 corporalem
2218 1154 2428 1218 uisum
2474 1170 2599 1224 nQn

330 1258 539 1324 habet.
611 1257 858 1323 animus
905 1264 1138 1340 autem,
1172 1260 1282 1344 qui
1313 1261 1503 1328 habet
1530 1259 1745 1326 uisum
1774 1264 1837 1325 et
1867 1259 2184 1344 corporale
2215 1258 2377 1324 nihil
2406 1259 2598 1340 uidet,

330 1361 807 1444 incorporaliter
852 1362 1046 1441 uidet,
1095 1366 1159 1428 et
1205 1363 1681 1446 incorporaliter
1722 1362 1937 1428 uidere
1982 1380 2163 1446 posse
2193 1361 2599 1444 incorporalis

332 1465 430 1530 est
485 1463 681 1542 uisne,
740 1465 804 1529 et
859 1465 1290 1549 incorporeum
1349 1466 1558 1532 uisum
1602 1466 1724 1531 nisi
1772 1464 2173 1548 incorporeus
2218 1483 2342 1530 non
2388 1465 2598 1547 habet,

264 1595 316 1636 ιο
332 1567 397 1631 et
439 1565 913 1651 incorporaliter
957 1568 1266 1634 humanus
1312 1569 1562 1634 animus
1608 1567 1813 1633 uidet:
1844 1567 2245 1651 incorporeus
2278 1568 2473 1650 igitur
2504 1567 2603 1632 est

334 1669 645 1734 humanus
689 1669 956 1736 animus.
1033 1689 1159 1735 non
1203 1687 1350 1757 ergo
1393 1669 1567 1736 hisce
1621 1670 1869 1735 friuolis
1915 1669 2276 1736 solliciteris
2308 1669 2599 1756 ampliuS,

332 1773 408 1837 ut
450 1791 624 1838 reare
667 1774 952 1838 animum
994 1792 1120 1839 non
1167 1793 1300 1840 esse
1345 1774 1480 1840 illic
1535 1773 1650 1838 ubi
1696 1775 1951 1857 cogitat,
1998 1775 2146 1855 quia
2189 1772 2602 1857 contemplari

333 1893 444 1958 per
497 1879 789 1940 naturam
841 1877 1060 1959 nequit
1126 1878 1288 1944 situs
1345 1879 1647 1958 locorum,
1707 1876 1925 1942 uultus
1978 1877 2324 1954 hominum,
2392 1877 2603 1940 motus

335 1978 629 2060 actusque
674 1980 1066 2062 populorum,
1122 1981 1277 2046 haec
1318 1999 1590 2065 namque
1633 1997 1928 2063 corporea
1958 1981 2125 2045 sunt.
2180 1997 2359 2063 porro
2389 1981 2603 2042 autem

264 2114 317 2155 15
335 2081 582 2146 animus
625 2082 1022 2165 incorporeus
1070 2084 1234 2167 quod
1278 2087 1495 2150 contra
1551 2084 1843 2148 naturam
1887 2082 1988 2147 sui
2056 2084 2151 2146 est
2218 2081 2433 2147 uidere
2479 2098 2603 2146 non

334 2183 563 2266 potest,
639 2187 896 2250 eatenus
942 2190 1158 2252 tamen
1202 2186 1380 2252 adest
1423 2186 1538 2252 ubi
1579 2186 1835 2270 cogitat,
1881 2184 1959 2250 ut
1999 2184 2138 2251 loca
2181 2203 2339 2266 quae
2368 2183 2604 2268 cogitat

337 2286 641 2370 corporali
683 2287 921 2354 uisione
964 2308 1087 2355 non
1131 2292 1364 2366 cernat,
1431 2290 1599 2355 sicut
1642 2290 1823 2354 adest
1868 2288 1977 2353 ubi
2020 2287 2321 2366 uiuificat‚
2367 2291 2439 2353 ut
2469 2289 2605 2371 ipsa

337 2408 494 2472 quae
554 2389 840 2455 uiuificat
895 2394 990 2457 sui
1047 2394 1318 2476 corporis
1375 2393 1625 2458 interna
1670 2409 1795 2456 non
1840 2390 2075 2456 uideat.
2156 2408 2229 2455 ae
2272 2390 2326 2454 si
2372 2407 2600 2472 usque-

338 2510 606 2576 quaque·
633 2493 810 2577 patet
863 2493 1147 2560 animum
1194 2498 1256 2560 et
1301 2511 1593 2577 corporea
1636 2511 1761 2559 non
1804 2511 1987 2577 posse
2029 2492 2241 2559 uidere
2287 2490 2421 2557 sine
2466 2508 2603 2558 cor-

265 2628 321 2669 so
339 2612 488 2678 pore
533 2599 596 2660 et
641 2597 1008 2677 incorporea
1050 2615 1194 2662 cum
1239 2614 1492 2679 corpore
1533 2596 1749 2661 uidere
1791 2616 1915 2662 non
1959 2611 2158 2679 posse,
2211 2614 2336 2662 non
2367 2594 2604 2660 diutius

339 2698 762 2764 Alexandriae
791 2700 1280 2784 peregrinemur,
1309 2699 1422 2765 sed
1453 2700 1532 2767 ab
1558 2701 1845 2783 Aegypto
1876 2698 2208 2764 redeuntes
2238 2696 2604 2763 transmisso

341 2819 620 2867 errorum
663 2802 830 2866 mari
872 2803 938 2867 et
993 2821 1246 2868 emensa
1303 2803 1692 2887 ignorantiae
1750 2820 1956 2867 eremo
2002 2802 2291 2868 ueritatis
2333 2802 2606 2886 patriam

341 2905 528 2986 atque
587 2907 684 2971 uti
751 2910 986 2970 terram
1053 2906 1552 2989 repromissionis
1622 2906 1926 2970 intremus
1983 2924 2108 2971 non
2164 2906 2349 2971 otiosi
2404 2923 2605 2987 neque

341 3007 592 3089 inerme,
642 3026 844 3092 neque
887 3026 1034 3073 uero
1079 3008 1488 3091 trepidanteS‚
1536 3012 1608 3073 ut
1652 3009 1707 3073 si
1749 3007 1899 3091 quid
1940 3008 2256 3092 falsiloqui
2298 3007 2606 3074 uanitatis

447 3296 477 3349 1
514 3297 762 3351 tortuosa
796 3296 1201 3364 ABGHMSb,
1253 3298 1498 3352 tortuoso
1532 3296 1613 3363 12,
1661 3298 1935 3353 tortulosa
1969 3296 2027 3354 R
2207 3295 2514 3350 botulorum
2557 3297 2610 3351 G

339 3398 641 3467 Baalim,
694 3400 768 3467 cf.
806 3399 1099 3470 Hauptius
1141 3402 1207 3456 in
1247 3400 1492 3457 Hermae
1535 3401 1646 3456 uol.
1692 3398 1847 3455 ΙΠΙ
1872 3402 1971 3466 36,
2043 3399 2348 3454 batulorum
2392 3399 2511 3453 rell.
2560 3404 2611 3455 et

339 3503 580 3561 editores
767 3503 1030 3574 enodib3q3
1065 3504 1350 3575 eligaturis
1385 3504 1462 3559 M
1662 3504 2025 3574 enodibusque
2060 3504 2093 3560 b
2106 3544 2121 3572 ‚
2179 3502 2441 3559 enodibus
2479 3518 2611 3571 quae

338 3607 464 3661 rell.
503 3612 557 3663 et
591 3606 713 3663 Sch-
919 3606 954 3661 2
990 3606 1311 3665 reflectionis
1343 3608 1404 3667 R
1598 3607 1809 3663 arbitro
1842 3607 2068 3677 scripsi,
2126 3606 2361 3665 arbitror
2394 3608 2525 3671 libri
2558 3612 2613 3663 et

341 3708 598 3777 editores,
633 3709 860 3764 arbitrio
881 3709 1159 3765 Bar-thiae
1330 3711 1364 3765 3
1386 3708 1626 3764 redibere
1648 3710 1779 3765 libri
1792 3715 2019 3779 praeter
2039 3710 2154 3767 AG
2321 3710 2358 3763 4
2384 3725 2611 3779 nequam

352 3811 492 3868 ΟΜ*
678 3811 709 3864 7
745 3826 1017 3881 corporate
1051 3811 1109 3869 R
1279 3811 1424 3866 uidit
1458 3812 1514 3869 R
1698 3813 1764 3866 11
1800 3811 2013 3868 fribolis
2047 3813 2143 3880 M,
2202 3811 2421 3867 fribulis
2456 3812 2615 3867 ABG

343 3904 513 3972 ΗἮ,
564 3904 785 3960 frinulis
818 3904 942 3987 DS*
1127 3905 1476 3962 sollieiterhis
1509 3906 1591 3972 A,
1648 3906 1936 3961 sollicitere
1978 3906 2029 3962 G
2213 3906 2281 3959 14
2314 3905 2614 3975 corporalia

345 3994 648 4065 ABDE'F,
699 4014 919 4067 corpora
954 3998 1011 4055 R
1189 4002 1256 4055 16
1278 4002 1360 4071 ut]
1388 4000 1478 4054 uel
1502 4002 1558 4055 A
1734 4001 1801 4055 18
1836 3999 1912 4054 sie
1948 4001 1980 4055 b
2154 4000 2223 4055 19
2245 4000 2397 4069 petet
2422 4001 2477 4053 A

344 4085 524 4157 posse]
571 4101 608 4157 p
657 4101 712 4139 se
758 4084 836 4139 M
840 4085 872 4139 b
1079 4085 1258 4141 uidere
1291 4102 1401 4141 non
1432 4102 1586 4155 posse
1623 4101 1746 4140 eum
1780 4101 1995 4155 corpore
2038 4084 2086 4141 S
2286 4085 2353 4139 21
2402 4084 2473 4139 ad
2508 4084 2615 4139 ale-

345 4172 597 4229 xandriae
632 4170 716 4238 B,
775 4170 844 4225 ad
879 4170 1240 4227 alexandriam
1286 4170 1466 4226 DEF'
1485 4170 1606 4227 Βοὴ.
1814 4170 2214 4241 peregrinemus
2258 4169 2482 4227 HLRS

343 4258 415 4313 22
459 4264 600 4315 emso
646 4257 740 4325 M,
799 4272 1010 4346 emenso
1057 4257 1090 4311 b
1298 4258 1366 4311 23
1409 4258 1570 4325 atquc
1613 4258 1717 4327 uti]
1766 4256 1979 4327 tutique
2024 4258 2167 4317 coni.
2204 4257 2477 4313 Barthius

344 4378 418 4435 24
449 4377 746 4448 falsiloquii
780 4376 1256 4444 AGDEFGHL,
1315 4342 1534 4446 falsum}
1580 4376 1647 4444 s,
1706 4376 2027 4447 falsiloquae
2064 4376 2187 4435 sch.
