3175 5050
673 473 802 538 204
1444 467 1806 524 Claudiani
1850 466 2167 522 Mamerti

673 678 818 725 nam
887 639 1051 742 quo‘d
1116 677 1242 722 non
1297 657 1482 722 modo
1539 656 1618 721 ad
1675 657 2103 722 innouandum
2163 620 2509 737 quippiam,
2569 655 2681 719 sed
2738 671 2819 716 ne
2858 655 2939 718 ad

673 761 1117 827 dediscendum
1174 760 1428 842 quidem
1485 759 1720 841 absque
1775 762 1838 823 te
1884 777 2007 824 uno
2066 758 2431 840 disciplinae
2486 756 2720 821 nobilis
2768 754 2940 820 ullus

551 881 554 884 ’
671 865 972 946 adspirat,
1033 862 1458 946 neglegentiae
1512 863 1577 927 id
1636 861 1942 927 humanae
2004 861 2427 926 adscribemus
2488 878 2569 926 an
2624 858 2939 924 naturae?

672 965 729 1032 si
758 969 998 1032 malum
1041 967 1199 1031 istoc
1242 965 1500 1030 naturae
1545 964 1703 1029 uitio
1748 963 2077 1042 uertimuS,
2125 963 2583 1046 numquidnam
2627 981 2667 1028 a
2710 980 2940 1045 genere

671 1070 946 1134 humano
1020 1067 1264 1134 differre
1340 1068 1467 1132 dici
1533 1067 1740 1150 potest
1804 1085 2003 1151 genus
2072 1065 2436 1144 humanum,
2505 1069 2618 1130 aut
2685 1065 2943 1150 ingenia
2980 1091 3006 1132 5

675 1174 889 1240 eadem
959 1189 1078 1237 non
1143 1172 1308 1247 sunt,
1377 1189 1532 1254 quae
1600 1169 1771 1236 fuere
1838 1172 2031 1252 ptine,
2091 1173 2203 1234 aut
2259 1169 2471 1234 Cicero
2528 1169 2629 1234 sui
2702 1167 2943 1234 saeculi

674 1295 961 1342 summus
1008 1278 1212 1341 orator
1255 1278 1405 1340 nata
1449 1292 1661 1340 secum
1716 1276 1877 1340 bona
1921 1275 2169 1357 accepto
2213 1273 2432 1339 habuit
2478 1273 2543 1338 et
2588 1291 2712 1338 non
2756 1289 2942 1353 mage

675 1381 855 1465 parui
902 1379 1178 1461 pendens
1226 1377 1565 1443 domestica
1611 1379 1675 1441 et
1719 1377 1923 1442 ciuica
1968 1377 2047 1442 ad
2092 1395 2289 1458 usque
2340 1375 2675 1442 Graeciam
2726 1394 2945 1458 capes-

675 1483 906 1550 sendae
950 1481 1353 1566 opulentioris
1399 1480 1695 1546 scientiae
1740 1480 1948 1564 gratia
1978 1481 2409 1564 peregrinatus
2441 1482 2553 1559 est,
2590 1482 2701 1545 aut
2734 1479 2947 1544 forsan

678 1586 910 1654 Platon
954 1605 1108 1669 apex
1151 1586 1520 1668 culmenque
1561 1584 1989 1668 philosophiae
2040 1584 2220 1666 priuo
2269 1586 2533 1650 naturae
2579 1583 2746 1648 bono
2795 1599 2944 1648 con·
2968 1610 3013 1647 ιο

675 1691 890 1754 tentus
947 1691 1088 1773 post
1145 1687 1415 1754 Socratis
1479 1688 1776 1772 dogmata
1830 1689 2254 1771 angustiorem
2304 1689 2559 1752 credens
2605 1683 2946 1756 Graeciam

677 1793 1100 1858 doctrinarum
1161 1810 1348 1875 quam
1393 1810 1527 1857 sese
1571 1793 1886 1858 uirtutum
1932 1811 2055 1857 non
2100 1810 2295 1874 usque
2339 1791 2421 1856 ad
2467 1781 2833 1874 Aegyptum
2881 1795 2946 1854 et

676 1896 758 1962 ad
814 1912 1008 1976 usque
1065 1894 1494 1958 Brachmanos
1551 1893 1853 1959 Indorum
1898 1899 1962 1958 et
2006 1896 2082 1961 ad
2135 1913 2329 1977 usque
2376 1893 2951 1976 Pythagoricarum

681 1999 1104 2064 doctrinarum
1151 1997 1316 2079 [per]
1361 1997 1616 2062 heredes
1652 1998 2001 2062 indefessus
2028 2017 2239 2062 rerum
2272 1999 2589 2062 scrutator
2631 1997 2952 2061 accessit?

679 2103 854 2166 taceo
916 2101 1171 2182 ceter-oe,
1230 2100 1374 2182 quia
1431 2119 1544 2165 nec
1602 2105 1849 2184 tempus
1908 2119 2022 2165 nec
2079 2118 2231 2182 opus
2287 2100 2547 2166 huiusce
2605 2100 2696 2165 rei
2754 2119 3013 2183 capax„

681 2207 794 2268 est.
869 2222 1066 2269 unum
1123 2202 1282 2267 illud
1339 2203 1556 2284 procul
1614 2204 1908 2286 ambiguo
1962 2203 2224 2268 dixerim
2269 2192 2481 2267 nostro
2526 2203 2777 2268 saeculo
2822 2223 2953 2269 non

677 2307 932 2392 ingenia
989 2311 1213 2388 deesse,
1273 2308 1382 2372 sed
1441 2307 1675 2373 studia.
1752 2326 2014 2389 quorum
2073 2307 2319 2389 egomet
2364 2309 2720 2373 studiorum
2766 2312 2956 2390 qnasi

685 2411 1001 2494 quandam
1045 2412 1316 2475 mortem
1360 2409 1552 2475 flebili
1605 2411 1784 2475 uelut
1829 2409 2143 2491 epitaphio
2185 2410 2587 2492 tumularem,
2634 2409 2761 2474 nisi
2807 2417 2953 2478 tute

679 2517 899 2582 eadem
945 2515 1315 2582 uenerabilie
1347 2514 1746 2597 professione,
1785 2514 2096 2581 laudabili
2144 2515 2443 2598 sollertia,
2492 2515 2621 2579 acri
2668 2515 2952 2599 ingenio,

675 2620 1019 2702 profluente
1088 2619 1330 2701 eloquio
1390 2619 1910 2684 resuscitauisses.
1992 2618 2153 2701 quod
2220 2618 2509 2701 equidem
2573 2620 2808 2684 bonum
2882 2638 3017 2685 eom

676 2723 1109 2787 admirabilius
1153 2724 1248 2787 est
1289 2721 1446 2786 mihi
1493 2739 1615 2804 quo
1662 2723 2049 2805 desperatius
2095 2722 2236 2786 fuit.

772 2842 957 2907 Video
1033 2842 1200 2906 enim
1275 2862 1340 2907 os
1415 2840 1764 2907 Romanum
1850 2861 1974 2907 non
2049 2842 2232 2907 modo
2304 2844 2768 2927 neglegentiae,
2849 2847 2956 2909 sed

674 2947 896 3030 pudori
955 2965 1086 3010 esse
1144 2945 1457 3023 RomaniS,
1519 2945 1997 3027 grammaticam
2046 2944 2144 3008 uti
2220 2945 2535 3027 quandam
2608 2946 2955 3012 barbaram

676 3048 1048 3114 barbarismi
1104 3048 1168 3137 et
1225 3047 1577 3113 soloecismi
1636 3066 1841 3130 pugno
1902 3051 1962 3111 et
2012 3048 2181 3113 calce
2238 3049 2522 3131 propelli,
2570 3050 2954 3115 dialecticen

675 3154 998 3233 tamquam
1063 3152 1444 3216 Amazonem
1507 3152 1727 3217 stricto
1800 3153 2261 3217 decertaturam
2320 3152 2529 3233 gladio
2597 3150 3013 3232 formidari‚25

676 3254 1060 3320 rhetoricam
1116 3254 1245 3319 acsi
1313 3256 1615 3337 grandem
1674 3256 1995 3321 dominam
2060 3254 2126 3319 in
2195 3255 2458 3339 angusto
2536 3273 2657 3319 non
2730 3256 2948 3338 recipi,

679 3357 959 3422 musicen
1017 3376 1161 3422 uero
1221 3359 1286 3422 et
1338 3359 1780 3440 geometricam
1841 3360 2031 3441 atque
2076 3357 2544 3423 arithmeticam
2588 3362 2720 3422 tres
2768 3361 2949 3440 quasi

676 3460 872 3525 furias
942 3461 1182 3542 despui,
1253 3463 1545 3544 posthinc
1612 3462 2073 3545 philosophiam
2144 3457 2377 3547 [atque]
2456 3462 2552 3526 uti
2627 3461 2949 3543 quoddam

677 3562 1027 3629 ominosum
1079 3564 1342 3629 bestiale
1395 3567 1731 3631 numerari.
1808 3568 1917 3630 sed
1960 3566 2116 3629 haec
2160 3564 2226 3628 in
2272 3565 2525 3628 laudem
2567 3568 2751 3629 tuam
2796 3582 2947 3647 sug-

675 3667 882 3748 gestui
938 3668 1104 3745 sunt,
1165 3669 1308 3751 quia
1367 3670 1420 3733 si
1480 3668 1665 3733 multi
1729 3686 1992 3751 quorum
2049 3670 2119 3731 tu
2175 3685 2241 3732 es
2302 3668 2657 3732 studiorum
2717 3667 3015 3749 forent,so

778 3973 813 4027 3
858 3972 1219 4028 adscribemus
1254 3974 1472 4042 scripsi,
1525 3974 1841 4028 ascribimus
1876 3974 1936 4029 Ε
2114 3974 2150 4026 4
2184 3975 2375 4027 nature
2412 3989 2441 4027 e
2476 3972 2538 4026 E
2716 3974 2753 4029 8
2797 3990 2951 4044 cape-

675 4060 900 4115 scendas
953 4060 1015 4113 Ε
1226 4061 1293 4115 10
1346 4060 1727 4130 phylosophiae
1778 4061 1840 4115 Ε
2064 4060 2129 4113 12
2182 4050 2313 4128 sese]
2370 4074 2481 4112 esse
2533 4058 2812 4114 Baluzius

675 4146 926 4215 egiptum
972 4146 1034 4199 Ε
1237 4146 1303 4200 13
1350 4145 1703 4201 brachmanos
1748 4146 1974 4214 scripsi,
2036 4146 2359 4214 bragmanos
2400 4146 2464 4199 Ε
2664 4148 2951 4216 pytagori-

675 4249 856 4287 carum
892 4232 953 4285 Ε
1146 4233 1212 4286 14
1247 4248 1340 4301 per
1373 4233 1574 4287 inclusi
1766 4234 1831 4287 18
1866 4231 2158 4300 epytaphio
2195 4232 2257 4285 Ε
2440 4230 2507 4283 21
2544 4230 2952 4286 ammirabilius

675 4318 738 4372 Ε
941 4318 1009 4371 26
1046 4318 1364 4372 rethoricam
1400 4318 1462 4371 Ε
1664 4318 1732 4372 28
1767 4316 2173 4387 phylosophiam
2210 4318 2273 4371 Ε
2464 4320 2627 4385 atque
2661 4320 2834 4373 uncis
2868 4321 2955 4373 in-

671 4404 814 4459 clusi
