3175 5050
1050 435 1142 490 De
1176 435 1366 528 statu
1400 434 1669 490 animae
1712 431 1743 490 1
1778 435 1828 490 1.
2487 433 2579 522 23(

312 623 514 691 multo
599 623 944 690 maximum
1031 623 1335 707 longeque
1407 620 1813 706 periculosius
1886 623 2121 689 crimen
2194 625 2291 688 est
2304 672 2319 700 ,
2406 625 2571 708 quod

313 727 655 794 catholicae
711 725 966 792 sanitati
1025 725 1346 808 opiniones
1401 723 1687 792 inimicas
1745 726 1941 791 stulte
1991 727 2368 810 concipiunt,
2412 746 2574 794 uane

311 830 660 914 proferunt,
719 827 982 914 superbe
1036 829 1390 907 adstruunt,
1460 845 1604 909 cum
1663 829 2015 894 temeritate
2072 830 2370 908 scribunt,
2430 848 2574 895 cum

310 934 659 1001 intentione
711 932 1072 1012 defendunt,
1149 933 1215 996 et
1243 931 1536 1014 quoniam
1570 932 1935 999 humanitus
1963 951 2075 1014 per
2101 931 2571 1016 inprudentiam

274 1038 478 1120 clapsi
521 1038 688 1118 sunt,
735 1035 983 1120 eligunt
1027 1033 1323 1101 audaciae
1353 1034 1607 1118 culpam
1635 1053 1785 1100 suae
1815 1035 2126 1120 peruicaci
2157 1036 2575 1102 obstinatione

313 1140 660 1219 defendere,
733 1159 811 1204 ne
881 1139 1213 1204 uideantur
1277 1137 1560 1222 potuisse
1626 1155 1898 1222 peccare.
1974 1140 2064 1205 ita
2130 1139 2296 1204 enim
2361 1140 2572 1222 palam

312 1245 658 1310 sententias
705 1260 851 1310 suas
898 1243 1252 1320 adstruunt,
1299 1243 1376 1306 ut
1417 1241 1582 1306 clam
1630 1239 1831 1308 nihilo
1883 1241 2095 1308 minus
2162 1241 2571 1309 mussitantes

313 1345 766 1415 blandimentis
812 1343 1310 1411 lenocinantibus
1344 1345 1601 1429 ignaros
1630 1363 1838 1410 rerum
1867 1345 2082 1411 sedulo
2111 1346 2463 1428 precentur,
2500 1347 2574 1411 ut

313 1468 465 1516 suae
508 1448 907 1534 potissimum
953 1447 1304 1514 sententiae
1337 1446 1765 1530 adquiescant,
1818 1447 2078 1514 sibimet
2109 1447 2571 1516 adsentiantur:

244 1579 297 1620 ιο
311 1553 476 1619 illud
532 1554 668 1619 ueri
721 1553 996 1636 plenum,
1041 1551 1206 1617 illud
1263 1570 1397 1617 esse
1449 1551 1867 1630 salutiferum,
1913 1553 2075 1635 quod
2119 1552 2240 1634 ipsi
2283 1552 2568 1634 doceant,

315 1657 507 1722 etiam
554 1654 884 1721 deierando
914 1653 1304 1723 confirmant.
1373 1653 1428 1718 si
1459 1653 1906 1720 auctoritatem
1939 1673 2218 1736 quaeraS,
2253 1655 2571 1721 subiciunt

313 1759 499 1824 istius
564 1757 732 1823 modi
799 1775 1130 1824 causarum
1195 1757 1434 1822 secreta
1495 1757 1659 1822 adiri
1722 1775 2112 1840 nequaquam
2179 1776 2378 1840 posse,
2445 1759 2570 1825 nisi

315 1859 734 1929 subtilissima
776 1879 986 1926 rerum
1038 1861 1428 1943 indagatrice
1471 1861 1732 1926 ratione.
1807 1861 1865 1925 si
1908 1863 2169 1927 eandem
2212 1862 2281 1927 in
2308 1861 2570 1928 articulo

311 1983 620 2048 reposcaS,
683 1965 964 2030 adiciunt
1019 1964 1381 2031 auctoritati
1439 1965 1649 2047 potius
1712 1966 1995 2048 oportere
2054 1966 2325 2045 concedi,
2371 1984 2574 2048 neque

241 2097 294 2137 ιε
314 2069 783 2153 naufragiosum
825 2070 1081 2151 propter
1126 2073 1643 2152 argumentorum
1690 2067 1956 2134 latentes
2001 2071 2302 2151 quosdam
2348 2087 2572 2151 scopu-

311 2173 408 2237 los
451 2171 712 2257 pelagus
759 2170 1210 2254 disputationis
1253 2173 1505 2238 intrare.
1581 2171 1675 2236 ita
1714 2174 2085 2238 auctoritate
2127 2173 2457 2252 rationem,
2502 2176 2575 2237 ut

312 2276 752 2342 auctoritatem
797 2274 1046 2340 obiectu
1090 2275 1352 2342 rationis
1403 2275 1666 2342 eludunt
1712 2278 1777 2339 et
1820 2277 2085 2359 utroque
2131 2277 2351 2340 horum
2398 2276 2478 2340 ad
2507 2275 2573 2343 id

307 2379 594 2461 utuntur,
662 2381 736 2444 ut
803 2379 1026 2444 neutro
1092 2379 1375 2444 utantur.
1462 2383 1529 2443 at
1619 2379 1674 2442 si
1730 2378 1980 2444 eosdem
2044 2380 2230 2461 paulo
2288 2377 2571 2444 strictius

307 2485 518 2549 artum
575 2481 1014 2565 disputationis
1069 2480 1372 2561 includat,
1430 2481 1610 2548 aiunt
1667 2480 1969 2564 quosdam
2012 2501 2143 2549 esse
2187 2485 2563 2561 sanctorum,

238 2610 292 2651 ιο
308 2586 536 2671 quibus
579 2586 838 2653 huiusce
882 2584 1051 2652 modi
1095 2586 1183 2651 sit
1224 2585 1597 2651 facillimum
1642 2587 1883 2651 soluere
1927 2582 2341 2669 quaestiones,
2390 2605 2459 2652 se
2490 2588 2569 2652 ab

309 2690 516 2755 aliena
560 2688 762 2773 magis
805 2688 1177 2754 auctoritate
1219 2689 1507 2772 pendere,
1551 2688 1717 2754 illud
1762 2706 1827 2753 se
1870 2691 2156 2768 maxime,
2202 2691 2363 2772 quod
2407 2690 2569 2755 alius

309 2792 600 2872 sanxerit,
647 2810 781 2859 esse
839 2794 1177 2859 secuturos,
1255 2792 1405 2859 haec
1462 2791 1605 2875 quis
1648 2792 1815 2858 ferat
1869 2793 2122 2875 ulloque
2183 2794 2334 2858 ferri
2386 2795 2569 2876 pacto

310 2915 486 2980 posse
542 2896 798 2976 iudicet,
865 2896 1194 2963 hominum
1257 2895 1615 2979 quempiam
1675 2900 1738 2961 et
1793 2896 2057 2961 infitiari
2114 2896 2449 2961 scientiam
2506 2900 2570 2962 et

307 2999 631 3065 uindicare
678 3000 1049 3085 doctrinam,
1102 2999 1376 3084 cogitata
1417 3018 1548 3079 sua,
1582 3000 1639 3065 si
1668 3000 1978 3066 discussor
2007 3000 2191 3083 absit,
2226 3002 2565 3079 adstruere,

415 3288 447 3341 1
481 3288 794 3358 maximum]
830 3292 887 3342 et
921 3288 1049 3343 add.
1088 3288 1120 3343 b
1290 3288 1450 3359 longe
1486 3288 1560 3343 M
1722 3288 2051 3357 pericliosius
2090 3289 2144 3344 G
2332 3291 2369 3343 4
2403 3304 2571 3358 praua

309 3396 445 3445 ante
497 3390 798 3445 intentione
848 3392 1043 3445 inserit
1093 3407 1133 3460 p
1345 3392 1382 3445 5
1431 3389 1710 3446 audaciam
1761 3390 2006 3457 DEFP,
2074 3389 2327 3478 audaciae
2376 3392 2430 3447 B

308 3494 500 3563 culpae
546 3493 833 3550 BDEFP
1035 3509 1164 3548 suae
1197 3495 1479 3565 peruicaci]
1517 3495 1847 3563 superuicaci
1892 3495 2007 3551 Mb
2212 3495 2245 3549 ‘1
2292 3496 2436 3550 nihil
2470 3496 2571 3551 ho-

307 3615 490 3669 minus
535 3614 593 3670 R
796 3613 1118 3668 musitantes
1158 3614 1544 3683 ABGHMR,
1602 3588 1887 3671 musitnftes
1924 3616 1969 3671 S
2173 3618 2235 3672 11
2283 3618 2567 3673 deierando

305 3701 597 3767 Barthius,
645 3700 928 3756 delerando
950 3700 1062 3755 AB
1070 3701 1338 3770 OEMR,
1385 3702 1661 3757 delirando
1683 3702 2047 3759 DEFGH’S
2058 3704 2180 3760 Βοὴ.
2350 3706 2415 3759 15
2438 3721 2567 3759 nau-

305 3788 586 3857 fragosum
622 3786 711 3856 12²,
769 3785 1174 3873 naufragiosum
1223 3787 1268 3843 S
1467 3790 1705 3858 propter]
1740 3788 1884 3844 inter
1925 3789 2169 3858 DEFP,
2230 3806 2329 3845 om.
2374 3791 2431 3845 B

309 3899 550 3953 latantes
584 3899 642 3955 R
837 3900 905 3953 16
940 3900 1138 3953 intrari
1179 3899 1232 3956 G
1426 3901 1785 3957 auctoritates!
1829 3901 1875 3957 G
2072 3902 2135 3956 17
2172 3901 2439 3958 obiectum
2484 3904 2565 3969 0²,

309 3992 524 4047 abiectu
555 3992 614 4048 R
817 3993 884 4047 18
918 3994 987 4049 ad
1021 3994 1078 4049 R
1282 3996 1474 4064 paulus
1509 3996 1566 4051 B
1581 4038 1597 4063 ,
1655 4012 1759 4051 om.
1791 3996 1904 4052 HS
2104 3998 2172 4051 19
2206 4000 2352 4051 artos
2387 3997 2569 4067 dispu-

309 4087 548 4141 taciones
600 4086 884 4142 includant
936 4088 1011 4142 M
1016 4088 1072 4157 ἦ,
1132 4104 1277 4144 corr.
1329 4089 1423 4143 Μ’
1474 4090 1539 4143 in
1579 4105 1755 4160 mary.
1961 4090 2029 4144 22
2079 4106 2191 4144 esse
2242 4107 2345 4147 om.
2399 4093 2431 4147 b

310 4184 684 4256 consecuturos
728 4182 760 4238 b
968 4183 1064 4252 qui
1107 4185 1291 4253 sperat
1333 4183 1498 4239 ABR
1700 4185 1902 4255 illoque
1936 4185 2071 4239 libri
2093 4192 2324 4254 praeter
2362 4187 2415 4242 G
2450 4194 2502 4243 et
2535 4188 2568 4243 b

313 4276 454 4341 Βοὴ,
508 4277 687 4333 ullone
721 4278 1014 4333 Hartelius
1187 4280 1255 4334 23
1290 4279 1510 4350 iudicet]
1548 4279 1799 4333 uidelicet
1838 4279 1913 4335 G¹
2083 4280 2323 4336 inficiare
2361 4282 2435 4337 M

312 4372 384 4425 24
420 4371 700 4427 nendicare
738 4373 786 4428 S
982 4372 1251 4429 discursor
1286 4375 1341 4431 R
1548 4374 1841 4443 adstruere]
1880 4377 1935 4428 et
1969 4372 2099 4431 add.
2141 4376 2195 4431 G
