3175 5050
493 441 546 486 ΙΙ

422 611 468 677 C
583 610 784 676 Codex
827 611 1144 675 Parisinus
1189 611 1300 676 lat.
1344 629 1438 675 nr.
1488 607 1659 674 2164
1710 607 1929 690 (Collo.-
1956 606 2148 685 2285,
2179 609 2333 690 Reg.
2368 608 2553 687 4028,
2586 611 2626 674 3
2656 609 2745 686 A;

495 715 618 780 fuit
661 714 817 779 liber
859 714 1012 779 ’611111
1058 713 1211 779 Ἱαο.
1249 713 1417 795 Auy.
1459 702 1739 777 Thuani'
1788 710 1919 789 [fol.
1969 712 2086 794 1¹])
2126 713 2470 778 membran.
2516 713 2746 780 formae

496 819 751 882 maioris
819 816 895 882 71
967 817 1258 880 foliorum
1314 835 1473 882 saec.
1541 814 1634 878 XI
1698 813 1865 879 binis
1935 815 2241 878 columnis
2305 816 2746 881 minutissimis

496 923 728 986 litteris
787 922 1055 1003 scriptus
1103 920 1378 984 continet
1429 922 1673 1001 praeter
1721 917 2136 983 Claudianum
2180 919 2563 984 Mamertum
2616 919 2745 1001 (fol.

500 1025 533 1088 1
551 1024 763 1089 —22u
778 1023 833 1108 2)
890 1023 1299 1088 chalcidium.
1368 1023 1538 1087 deest
1608 1020 2020 1103 capitulorum
2086 1021 2287 1086 index.
2366 1041 2475 1104 per
2542 1027 2745 1089 totum

496 1127 734 1192 librum
801 1127 1097 1193 librarius
1173 1125 1533 1208 saepissime
1604 1124 1883 1208 singulas
1955 1124 2227 1208 syllabas
2295 1126 2523 1206 omisit,
2594 1145 2747 1208 quas

496 1231 738 1296 addidit
781 1250 1002 1296 manus
1047 1231 1261 1296 altera.

410 1383 468 1448 D
581 1385 785 1450 Codex
826 1384 1410 1467 Montepessulanus
1455 1384 1518 1447 H
1550 1403 1641 1448 nr.
1693 1383 1815 1449 145
1844 1386 2079 1452 formae
2111 1387 2367 1452 minoris
2399 1385 2744 1452 membran.

501 1487 624 1553 149
647 1489 937 1553 foliorum
967 1506 1125 1552 saec.
1160 1488 1287 1552 XII
1319 1486 1585 1570 scriptus
1617 1489 1897 1554 continet
1926 1489 2071 1556 inde
2104 1509 2141 1555 a
2172 1490 2278 1554 fol.
2318 1491 2467 1554 102u
2496 1489 2746 1557 Claudi-

498 1594 599 1659 ani
645 1592 980 1674 epistulam
1023 1593 1098 1656 ad
1136 1590 1462 1662 Sidonium
1493 1595 1556 1656 et
1588 1591 1824 1657 Sidonii
1857 1594 2193 1676 epistulam
2223 1595 2303 1658 ad
2336 1593 2748 1660 Claudianum

505 1695 609 1777 (cf.
659 1697 803 1760 edit.
834 1714 895 1775 p.
934 1695 1054 1758 198
1101 1697 1164 1758 et
1208 1695 1384 1778 200),
1432 1694 1538 1758 fol.
1579 1695 1729 1758 103u
1761 1696 2095 1777 epistulam
2132 1695 2370 1761 Sidonii
2400 1698 2476 1762 ad
2510 1698 2749 1763 Petrei-

497 1819 606 1864 um
657 1799 789 1880 (lib.
821 1798 953 1863 IIII
985 1816 1077 1881 ep.
1111 1798 1255 1882 XI),
1299 1799 1365 1862 in
1398 1798 1614 1862 eodem
1641 1798 1791 1864 folio
1829 1801 2033 1867 medio
2080 1800 2228 1866 haec
2271 1801 2501 1866 litteris
2545 1799 2747 1866 rubris

497 1904 742 1968 exarata
787 1905 964 1966 sunt:
1010 1905 1160 1964 nota
1189 1902 1350 1982 quod
1383 1900 1789 1967 Claudianus
1819 1905 2163 1980 composuit
2190 1885 2515 1988 hymnum·
2531 1903 2751 1986 Panye

498 2006 727 2090 linqua
785 2005 1051 2088 yloriosi
1104 2005 1436 2087 praelium
1498 2007 1879 2072 certaminis,
1954 2008 2233 2089 sequitur
2298 2009 2367 2072 in
2432 2007 2541 2070 fol.
2600 2007 2751 2071 104¹¹

499 2109 734 2174 Sidonii
759 2109 1030 2194 epistula
1053 2111 1130 2174 ad
1153 2108 1610 2192 Nymphidium
1638 2110 1771 2191 (lib.
1796 2111 1855 2174 V
1877 2110 2056 2192 epist.
2080 2110 2193 2188 II),
2220 2110 2328 2175 fol.
2353 2111 2498 2175 105³
2518 2111 2749 2176 litteris

497 2214 736 2280 rubris:
797 2213 1174 2280 Gennadius
1227 2214 1304 2277 in
1348 2212 1506 2278 libro
1551 2214 1628 2278 de
1670 2213 2029 2278 illustribus
2084 2213 2254 2277 uiris
2296 2211 2403 2277 hec
2446 2213 2543 2276 ait
2586 2213 2752 2277 inter

497 2320 730 2382 cetera:
803 2317 1064 2399 (litteris
1121 2317 1297 2398 atris)
1353 2315 1759 2383 Claudianus
1806 2316 2177 2382 Viennensis
2236 2316 2522 2380 ecclesiae
2568 2337 2749 2398 pres-

497 2419 666 2502 byter
707 2421 816 2484 uii⁴
861 2421 948 2485 ad
990 2421 1377 2502 querendum
1420 2421 1580 2485 satis
1625 2419 1866 2503 artifex
1908 2424 1969 2485 et
1998 2421 2084 2485 ad
2113 2419 2577 2500 disputandum
2608 2421 2749 2486 sub-

497 2523 632 2588 tilis
687 2525 1034 2606 composuit
1087 2530 1212 2589 tres
1267 2526 1455 2607 quasi
1514 2524 1590 2589 de
1625 2528 1817 2587 'statu
1860 2524 1963 2587 uel
2008 2523 2085 2588 de
2129 2524 2495 2589 substantia
2540 2526 2751 2589 anime

501 2628 691 2693 libros
738 2630 812 2691 in
855 2629 1080 2710 quibus
1114 2629 1381 2693 ostendit
1411 2628 1661 2710 aliquid
1691 2646 1815 2691 esse
1841 2627 2289 2707 incorporeum
2305 2631 2524 2709 preter
2551 2630 2749 2695 deum.

497 2732 652 2796 haec
709 2731 935 2813 excipit
992 2732 1260 2815 epistula
1304 2732 1535 2813 Fausti,
1599 2749 1785 2812 quam
1830 2730 2296 2812 subsequuntur
2340 2733 2750 2813 capitulorum

499 2836 685 2899 index
730 2839 791 2899 et
825 2833 1153 2900 Claudiani
1200 2836 1274 2899 de
1321 2836 1491 2899 statu
1525 2833 1771 2898 animae
1798 2833 1967 2898 libri.
2019 2833 2480 2916 conspiciuntur
2510 2834 2753 2898 numeri

499 2939 750 3001 tantum
793 2939 1206 3020 capitulorum
1251 2938 1319 3003 in
1361 2938 1641 3021 margine
1686 2936 2003 3019 adscripti,
2054 2956 2198 3001 cum
2240 2936 2751 3020 praescriptiones

502 3041 916 3123 capitulorum
958 3060 1266 3125 nusquam
1309 3042 1552 3105 omnino
1600 3042 2015 3122 compareant.

424 3216 474 3281 E
591 3211 795 3278 Codex
823 3211 1140 3277 Parisinus
1173 3212 1283 3275 lat.
1317 3229 1409 3275 nr.
1443 3210 1615 3276 2165
1644 3210 1819 3295 (Reg.
1854 3210 2044 3287 3796,
2090 3212 2303 3278 Baluz.
2336 3212 2487 3294 112)
2523 3212 2753 3278 formae

501 3316 754 3381 maioris
820 3315 1168 3381 membran.
1234 3313 1360 3380 120
1409 3314 1701 3379 foliorum
1765 3332 1925 3379 saec.
1994 3313 2154 3378 XIII
2218 3314 2383 3379 binis
2451 3317 2753 3381 columnis

501 3419 768 3501 scriptus
817 3416 1140 3484 Claudiani
1185 3416 1258 3480 de
1303 3419 1475 3481 statu
1519 3416 1763 3481 animae
1806 3416 1995 3483 libros
2040 3417 2133 3483 ita
2177 3418 2442 3493 exhibet,
2489 3422 2559 3482 ut
2604 3438 2754 3484 suus

503 3521 835 3604 unicuique
880 3521 1036 3585 libro
1082 3518 1492 3601 capitulorum
1536 3519 1722 3583 index
1765 3520 2095 3601 praecedat
2138 3524 2199 3585 et
2244 3520 2463 3585 Fausti
2494 3520 2757 3602 epistula

501 3627 640 3706 post
683 3624 872 3707 primi
915 3623 1062 3687 libri
1107 3621 1379 3687 indicem
1422 3622 1681 3705 legatur.
1728 3622 1835 3687 fol.
1881 3623 1994 3687 34¹²
2012 3624 2035 3660 ¹
2077 3659 2159 3673 --
2202 3623 2312 3687 fol.
2362 3620 2514 3687 35²²
2557 3624 2757 3689 exstat

504 3727 778 3810 epistula
837 3724 1131 3792 Mamerti
1197 3724 1276 3790 ad
1342 3723 1700 3808 Sapaudum
1765 3724 2097 3792 rhetorem.
2158 3726 2265 3791 fol.
2322 3724 2475 3790 36ιιι
2537 3725 2759 3808 incipit

494 3830 792 3913 proloyus
834 3830 910 3893 in
952 3826 1408 3911 caplanatione
1459 3826 1860 3892 tabernaculi
1902 3827 2135 3911 federis
2171 3831 2291 3893 etc.
2344 3828 2757 3911 capitulorum

503 3931 1015 4016 praescriptiones
1081 3931 1150 3995 in
1214 3932 1352 4013 ipso
1419 3934 1713 3997 contextu
1770 3932 2051 3997 exaratae
2108 3932 2277 3996 sunt.
2355 3932 2541 3996 codex
2609 3929 2759 3995 locis

505 4036 848 4100 innumeris
894 4053 1086 4102 manu
1133 4037 1332 4101 altera
1377 4038 1688 4100 correctus
1740 4035 1832 4099 est
1874 4035 1989 4115 ita,
2037 4036 2108 4098 ut
2154 4033 2377 4118 prioris
2420 4035 2758 4115 scripturae

505 4137 757 4203 ablutae
801 4138 1044 4221 saepius
1091 4157 1168 4203 ne
1213 4137 1550 4203 minimum
1595 4136 1849 4219 quidem
1892 4136 2163 4219 supersit
2210 4136 2572 4218 uestigium.
2614 4135 2759 4201 has

508 4245 890 4306 correcturas
957 4242 1037 4307 ad
1107 4242 1380 4323 optimae
1447 4242 1633 4306 notae
1693 4241 1842 4307 libri
1896 4240 2085 4326 fidem
2142 4240 2339 4307 factas
2398 4256 2531 4303 esse
2596 4237 2760 4303 infra

509 4343 1094 4412 demonstrabimus
