3175 5050
563 375 686 442 198
971 397 976 410 ·
1329 375 1694 432 Claudiani
1730 376 2049 432 Mamerti

1301 1181 2086 1296 GLAVDIANI

628 1380 1314 1548 MAMERTI
1429 1436 2247 1551 EPISTVLAE
2361 1438 2755 1554 DVAE.

1206 1743 1758 1842 EPISTVLA
1836 1745 2177 1843 PRIOR.

987 1983 1424 2032 CLAVDIANVS
1465 1984 1746 2034 SIDONIO
1798 1986 2021 2034 PAPAE
2066 1985 2403 2034 SALVTEM.

653 2121 720 2187 si
762 2120 1056 2203 possibile
1086 2121 1260 2188 factu
1293 2123 1476 2204 esset,
1525 2126 1597 2189 ut
1629 2127 1691 2188 te
1722 2123 2048 2188 dominum
2077 2143 2291 2188 meum
2318 2123 2423 2189 uel
2452 2122 2831 2208 aliquotiens

567 2225 1031 2308 aliquantulum
1090 2225 1510 2308 conuenirem,
1569 2244 1694 2291 non
1751 2227 2081 2291 undeunde
2134 2227 2573 2310 quarumpiam
2616 2246 2832 2310 perso-

565 2348 792 2396 narum
848 2330 960 2394 aut
1014 2329 1372 2394 uoluntates
1433 2330 1546 2393 aut
1600 2331 2013 2396 necessitates
2064 2329 2467 2424 inquirerem,
2512 2330 2623 2395 sed
2669 2349 2830 2413 quae
2869 2354 2896 2395 s

565 2434 634 2498 in
690 2452 824 2498 rem
879 2430 1078 2499 debiti
1122 2431 1248 2496 mei
1292 2432 1434 2497 usui
1485 2431 1646 2497 mihi
1692 2451 1826 2498 esse
1873 2439 2140 2516 possent.
2220 2433 2450 2517 quippe
2496 2433 2828 2499 reuisionis

445 2538 454 2545 ’
567 2537 842 2623 potestas
898 2536 1119 2603 multis
1170 2536 1370 2607 modis
1415 2552 1490 2601 ac
1533 2533 1778 2603 miseris
1822 2536 2079 2619 perinde
2123 2538 2327 2602 causis
2370 2537 2833 2603 intercluditur.

565 2641 884 2706 enimuero
943 2640 1254 2706 scribendi
1308 2640 1576 2705 facultas
1635 2642 1745 2704 aut
1787 2658 1925 2705 raro
1970 2640 2189 2704 idonea
2232 2639 2517 2723 subpetit
2562 2640 2673 2707 aut
2716 2658 2835 2705 nec

569 2744 866 2828 subpetit.
941 2742 1066 2808 ista
1120 2742 1273 2807 haec
1331 2742 1548 2807 eadem
1598 2739 2001 2806 remissibilia
2056 2740 2185 2805 sint
2227 2761 2441 2821 necne,
2486 2742 2623 2808 tute
2664 2744 2834 2809 iudi-

571 2850 753 2913 caris,
829 2863 1006 2928 porro
1050 2848 1261 2910 autem
1302 2863 1450 2909 uero
1496 2845 1661 2926 quod
1708 2863 2147 2926 saepenumero
2176 2844 2425 2928 scriptis
2456 2845 2689 2912 uestris
2718 2845 2897 2913 aliiro

570 2950 1013 3033 inpertiuntur,
1061 2951 1166 3032 qui
1211 2947 1276 3013 id
1319 2950 1528 3032 ipsum
1573 2966 1686 3011 nec
1728 2947 2017 3013 ambiunt
2061 2966 2251 3030 quam
2304 2952 2571 3031 egomet,
2619 2948 2829 3015 forsan

575 3073 688 3120 nec
741 3056 1056 3119 merentur
1111 3052 1397 3134 ampliuS‚
1458 3068 1581 3115 non
1638 3051 1906 3117 arbitror
1947 3050 2262 3119 amicitiae
2313 3051 2558 3135 legibus
2599 3053 2829 3135 inpune

683 3329 709 3382 1
748 3327 907 3383 Haec
942 3326 1180 3395 epistula
1211 3325 1415 3395 leyitwr
1447 3325 1596 3379 inter
1630 3325 1893 3393 epistulas
1928 3324 2151 3381 Sidonii
2173 3326 2525 3395 Apollinaris
2546 3326 2671 3381 lior.
2696 3323 2843 3380 ΠΗ

573 3431 655 3485 ep.
697 3413 790 3469 ΙΙ.
848 3412 1080 3467 adhibui
1121 3411 1197 3466 ad
1239 3416 1450 3467 textum
1495 3411 1933 3467 constituendum
1975 3412 2141 3467 libros
2174 3414 2581 3481 manuscriptos
2615 3410 2837 3467 Sidonii

571 3502 699 3556 hos.-
762 3498 877 3553 cod.
926 3498 1110 3553 Paris.
1157 3500 1334 3553 18584
1376 3513 1514 3552 saec.
1549 3497 1615 3551 X
1648 3496 1771 3565 (A),
1830 3498 1945 3552 cod.
1994 3498 2179 3553 Paris.
2215 3501 2365 3554 2781
2406 3513 2543 3553 saec.
2582 3497 2688 3552 XI
2714 3497 2832 3565 (B),

575 3586 690 3643 cod.
729 3585 914 3641 Paris.
949 3586 1095 3639 2168
1129 3599 1264 3638 saec.
1299 3582 1615 3637 XI—XII
1644 3583 1760 3651 (Ο),
1802 3582 1919 3640 cod.
1952 3584 2135 3640 Par-is.
2170 3586 2324 3641 2782
2356 3600 2501 3639 saec.
2536 3583 2685 3639 XII
2714 3582 2835 3651 (E).

575 3672 782 3730 accedit
823 3671 1112 3741 praeterea
1153 3669 1322 3725 codex
1373 3668 1676 3725 Claudiani
1715 3670 1987 3725 Mamerti
2020 3671 2419 3740 Montepessul.
2456 3670 2523 3725 H
2556 3674 2661 3725 145
2694 3686 2835 3725 saec.

576 3760 725 3828 XII,
775 3774 932 3828 quem
963 3772 1138 3825 supra
1172 3757 1338 3811 litera
1371 3756 1432 3810 D
1465 3756 1919 3827 siqnificwuimus.
1978 3758 2306 3813 contulimus
2340 3757 2509 3813 ctiam
2542 3755 2837 3811 editionem

580 3846 800 3904 Sidonii
857 3844 927 3899 ab
977 3843 1230 3914 ffltyemio
1279 3842 1493 3896 Bareto
1550 3846 1803 3896 curatam
1856 3842 2056 3911 (Paris.
2107 3846 2305 3911 1879),
2362 3844 2523 3899 curius
2579 3844 2835 3899 lectiones

1959 3936 2073 3967 ΜΡΝ

576 3970 868 4025 >uariantes
899 3965 1220 4035 compendio
1257 3965 1334 4033 (b)
1369 3965 1721 4034 desiqnamus
1896 3965 1931 4017 2
1968 3981 2062 4053 suo
2097 3966 2155 4019 A
2334 3966 2370 4019 3
2403 3964 2552 4020 facto
2586 3966 2701 4020 AD

576 4076 724 4130 esset
755 4072 905 4127 factu
941 4070 997 4125 B
1178 4069 1465 4139 aliquoties
1498 4068 1693 4134 BOE,
1746 4084 1847 4123 om.
1884 4068 1916 4123 b
2121 4069 2159 4121 4
2190 4066 2331 4121 unde
2348 4066 2530 4138 nunde
2574 4068 2643 4137 Ο,
2702 4066 2835 4123 unde

579 4195 644 4251 Ε
843 4191 878 4247 5
927 4188 1266 4259 anquirerem
1314 4190 1370 4243 A
1579 4189 1611 4242 7
1658 4160 1992 4243 multimodis
2024 4186 2081 4239 B
2093 4225 2110 4254 ,
2166 4184 2510 4241 multimodis
2546 4186 2580 4241 b
2779 4187 2837 4239 et

574 4316 612 4371 z,
853 4310 889 4364 e
945 4274 1200 4365 indii-,iiis
1257 4310 1338 4377 A,
1415 4308 1736 4364 iudicaueris
1793 4308 1853 4363 D
2098 4308 2159 4361 11
2220 4306 2611 4376 impartiuntur
2670 4307 2701 4361 b
