3175 5050
988 452 1078 506 De
1115 454 1306 507 statu
1342 452 1603 506 animae
1647 451 1709 507 II
1745 450 1827 505 12.
2415 453 2533 519 151

280 645 347 709 in
390 643 650 709 tertium
695 644 934 708 caelum
992 643 1210 725 raptus
1263 645 1359 708 est
1403 642 1663 723 Paulae,
1710 643 2125 708 transeundae
2169 646 2317 708 sunt
2360 642 2537 708 uelut

282 750 402 813 duo
450 748 611 813 caeli
653 747 854 812 omnis
899 765 1190 829 corporea
1233 749 1420 828 atque
1466 745 1831 829 incorporea
1876 747 2177 824 creatura,
2238 745 2317 812 ad
2363 765 2537 812 crea-

279 853 480 916 torem
545 868 692 915 uero
759 849 940 931 quasi
986 849 1051 912 in
1095 849 1358 914 tertium
1422 849 1670 914 caelum
1737 867 1860 914 non
1925 850 2310 927 transeundi,
2373 853 2536 934 quod

279 972 399 1020 non
457 953 686 1037 potest,
745 971 945 1035 neque
999 951 1317 1032 redeundi,
1377 955 1540 1034 quod
1598 969 1719 1017 non
1776 951 1995 1029 debet‚-
2043 955 2149 1019 sed
2204 953 2418 1018 standi
2470 955 2536 1018 et

239 1077 264 1116 ⁵
279 1057 570 1122 manendi
616 1075 803 1122 cansa
844 1055 1224 1121 ueniendum
1269 1055 1381 1120 est.
1458 1054 1560 1119 hic
1612 1055 1822 1120 autem
1866 1073 2087 1122 cursus
2120 1061 2305 1141 atque
2333 1056 2539 1123 status

279 1160 590 1244 profectus
636 1161 730 1224 est
774 1163 960 1243 atque
1014 1158 1332 1243 perfectio,
1398 1176 1555 1241 quae
1608 1159 1853 1224 scilicet
1895 1161 2205 1226 uirtutum
2250 1161 2365 1239 est,
2412 1177 2536 1224 non

280 1264 577 1342 locorum,
636 1265 930 1345 quoniam
975 1264 1084 1345 qui
1124 1263 1368 1345 proficit
1414 1262 1614 1327 currit
1665 1265 1728 1328 et
1771 1263 1878 1345 qui
1929 1264 2174 1347 perficit
2225 1264 2533 1347 peruenit.

361 1383 548 1449 Nunc
603 1389 816 1448 autem
860 1383 1151 1466 quoniam
1195 1383 1613 1467 amplissimos
1659 1401 1909 1467 campos
1954 1384 2297 1452 latissimae
2343 1401 2534 1468 quae-

279 1486 498 1552 stionis
555 1485 734 1551 breui
789 1486 1126 1552 admodum
1185 1487 1340 1550 calle
1395 1486 1859 1552 transmisimus
1923 1488 2088 1554 datis
2148 1489 2403 1570 aliquot,
2460 1489 2534 1552 nt

211 1617 263 1657 ιο
279 1607 433 1670 reor,
490 1589 764 1668 indiciis,
831 1608 985 1671 quae
1037 1589 1278 1654 scilicet
1321 1608 1359 1654 a
1401 1594 1570 1654 recto
1616 1590 1904 1656 ueritatis
1950 1591 2206 1656 tramite
2251 1608 2529 1655 errorum

281 1694 462 1758 deuia
518 1693 865 1772 secernunt,
929 1693 1077 1776 quid
1121 1692 1242 1758 sibi
1287 1693 1448 1758 uelit
1489 1693 1669 1772 illud,
1729 1696 1890 1776 qnod
1934 1693 2251 1777 apostolus
2296 1694 2428 1759 sine
2470 1694 2536 1757 in

284 1815 535 1878 corpore
578 1797 711 1862 siue
756 1800 932 1860 extra
977 1815 1196 1879 corpus
1231 1801 1483 1880 raptum
1515 1817 1580 1863 se
1612 1815 1742 1863 esse
1772 1797 1948 1876 dicit,
1980 1796 2242 1878 inquiro.
2311 1796 2539 1881 quippe

282 1901 374 1964 sic
416 1901 539 1965 ait:
585 1899 750 1965 scio
797 1900 1186 1965 hominem
1235 1905 1576 1984 raptum,
1648 1902 1817 1966 siue
1860 1902 1936 1965 in
1981 1917 2307 1983 corpore
2370 1900 2537 1965 siue

281 2006 498 2068 extra
556 2020 832 2086 corpus
889 2007 1148 2068 nescio
1205 2006 1272 2070 et
1327 2003 1584 2088 reliqua,
1643 2006 1719 2070 de
1778 2003 1999 2087 quibus
2056 2003 2221 2086 quod
2266 2002 2537 2068 adtinuit

212 2135 264 2176 15
281 2107 569 2172 diximus
645 2121 718 2171 ac
760 2107 1036 2189 primum
1081 2108 1362 2174 adhibita
1406 2108 1789 2174 discussione
1835 2108 2161 2172 uideamus
2208 2106 2358 2189 quid
2403 2123 2536 2172 cer-

280 2212 421 2277 tum
463 2213 612 2277 istic
655 2212 775 2277 sibi
820 2211 1042 2277 beatus
1087 2213 1407 2294 apostolus
1453 2213 1683 2295 quidue
1728 2212 2003 2278 fateatur
2045 2209 2371 2275 incertum.
2435 2228 2538 2273 ra-

280 2318 462 2397 ptum
519 2334 647 2380 esse
703 2314 1014 2380 hominem
1071 2316 1212 2392 scit,
1269 2317 1336 2380 in
1379 2332 1631 2397 corpore
1680 2333 1759 2378 an
1826 2318 2001 2379 extra
2052 2331 2270 2394 corpus
2314 2311 2530 2377 nescit.

283 2417 708 2482 animaduerto
751 2417 880 2481 iam
927 2416 1099 2482 aliud
1146 2417 1248 2481 hic
1293 2415 1420 2481 dici
1470 2417 1811 2498 hominem,
1858 2417 2027 2482 aliud
2075 2433 2313 2497 corpus.
2391 2430 2533 2478 ecce

277 2525 490 2585 tamen
558 2521 892 2585 discretum
958 2526 1074 2595 est,
1145 2519 1292 2604 quid
1359 2523 1593 2587 nescire
1660 2519 2004 2605 {apostolum
2064 2517 2213 2601 quid
2269 2516 2427 2581 scire
2471 2536 2535 2581 se

212 2655 264 2696 20
283 2623 472 2689 dicat.
548 2625 932 2690 excutiamus
987 2625 1184 2707 igitur
1242 2626 1458 2690 utrum
1503 2644 1573 2689 ex
1634 2627 1987 2706 incorporeo
2045 2638 2413 2704 corporeone
2458 2638 2539 2685 an

283 2747 356 2791 ex
409 2729 672 2810 utroque
727 2728 811 2793 sit
854 2729 945 2795 ita
988 2729 1170 2794 tenus
1225 2729 1484 2807 nesciat,
1531 2728 1723 2794 sicuti
1783 2747 1923 2793 cum
1980 2743 2233 2808 corpore
2288 2742 2367 2789 an
2409 2723 2541 2789 sine

211 2879 218 2887 ,
281 2848 533 2912 corpore
575 2831 660 2895 sit
688 2835 905 2914 raptus
934 2831 1198 2917 ignorat.
1265 2834 1461 2913 sci0‚
1493 2833 1719 2915 inquit,
1754 2831 2145 2896 hominem
2189 2828 2538 2909 raptum,

280 2934 413 2998 sed
458 2934 624 2999 siue
678 2935 759 3000 in
816 2953 1147 3018 corpore
1205 2935 1377 3001 siue
1435 2937 1657 3001 extra
1700 2954 1977 3017 corpus
2022 2932 2317 2999 nescio.
2393 2930 2538 2994 istic

281 3053 443 3101 nunc
487 3036 905 3103 animaduerti
949 3039 1117 3117 licet,
1163 3041 1326 3121 quod
1369 3038 1423 3103 is
1469 3040 1576 3121 qui
1620 3041 1839 3122 raptus
1884 3037 1979 3103 est
2024 3037 2089 3101 et
2123 3036 2376 3118 raptum
2405 3050 2537 3097 esse

483 3222 550 3275 13
591 3221 651 3276 11
688 3222 808 3277 eor.
848 3222 930 3288 12,
968 3223 1002 3275 2

383 3395 409 3448 1
467 3393 779 3447 transeundi
831 3392 952 3449 Sch.
1159 3393 1193 3445 2
1245 3409 1422 3447 omnes
1474 3394 1663 3459 ABD,
1736 3394 1933 3447 ominis
1986 3392 2059 3447 M
2262 3405 2535 3459 corporeae

281 3479 334 3533 Δ.
528 3480 864 3548 incorporeae
898 3480 954 3532 A
1152 3480 1423 3532 creaturae
1457 3478 1634 3533 ΑΒΕ
1835 3479 1870 3532 3
1906 3478 2049 3547 qnod
2084 3494 2189 3532 non
2204 3475 2537 3530 —redeundi

279 3580 377 3620 om.
416 3564 473 3619 R
643 3566 680 3619 4
712 3564 949 3619 distandi
984 3566 1047 3633 ρ’
1218 3565 1253 3619 5
1286 3564 1408 3618 hinc
1447 3565 1713 3620 Galland.
1898 3567 1932 3619 6
1967 3564 2232 3634 profectus
2268 3563 2350 3628 R,
2407 3563 2539 3635 plm-

280 3668 448 3722 fectus
485 3668 532 3723 S
732 3669 763 3723 7
806 3667 947 3737 qnod
979 3667 1237 3723 BDE¹F
1438 3668 1648 3736 perficit
1680 3669 1754 3723 M
1761 3669 1819 3734 b,
1879 3653 2099 3738 perficit
2121 3668 2174 3722 A
2188 3708 2203 3733 ‚
2263 3667 2541 3735 perficitur

279 3753 399 3809 rell.
437 3758 490 3808 et
525 3753 646 3809 Sch.
827 3756 862 3809 8
895 3758 1079 3809 autem
1113 3754 1192 3809 M
1196 3754 1253 3819 b,
1307 3770 1408 3808 om.
1444 3754 1565 3808 rell.
1605 3760 1655 3809 et
1692 3754 1813 3809 Sch.
1985 3754 2127 3824 qnod
2150 3752 2409 3808 BDE¹F

279 3840 585 3908 questiones
619 3840 702 3907 R,
759 3840 1098 3909 questiollnes
1134 3839 1182 3894 S
1364 3841 1397 3894 9
1431 3840 1857 3894 transmissimus
1892 3841 1949 3897 R
2132 3838 2350 3908 aliquod
2383 3837 2541 3895 1306

278 3960 532 4027 HL1381,
587 3959 856 4029 aliquibus
891 3961 1003 4015 Mb
1177 3960 1246 4013 10
1279 3959 1494 4014 iudiciis
1516 3959 1753 4014 ΑΒΜ*
1920 3960 1985 4014 13
2020 3925 2077 4012 32
2112 3959 2159 4014 s
2327 3958 2391 4013 17
2424 3974 2541 4014 001-

279 4048 398 4115 pus]
437 4062 648 4113 corpore
690 4045 901 4101 CGHL
937 4052 1098 4112 (corr.
1133 4064 1283 4102 man.
1320 4052 1445 4112 rec.)
1483 4046 1605 4101 ΒΕ*
1786 4046 1853 4100 18
1883 4046 2056 4100 uerba
2091 4045 2461 4100 animaduerto
2475 4074 2539 4085 --

280 4148 470 4202 corpus
505 4134 658 4187 tituli
685 4137 825 4201 (casp.
853 4132 1038 4201 XIII)
1075 4134 1190 4187 loco
1217 4138 1447 4188 exarata
1474 4133 1680 4187 habent
1716 4132 1838 4196 Mb,
1874 4132 1985 4187 nisi
2018 4131 2164 4200 quod
2199 4133 2272 4187 M
2303 4132 2537 4201 capiundi

278 4234 572 4273 numerum
605 4234 722 4293 non
757 4218 916 4273 addit
1103 4218 1188 4271 his
1223 4218 1428 4285 A¹BF‚
1479 4234 1581 4273 om.
1619 4219 1699 4285 R,
1754 4223 1838 4272 est
1875 4218 1928 4274 G
2120 4217 2185 4273 19
2222 4221 2400 4273 tamen
2436 4234 2538 4274 om.

272 4307 340 4373 1⁰²
533 4306 602 4359 23
635 4304 798 4359 istinc
827 4300 890 4361 'R
1085 4302 1154 4358 24
1187 4303 1272 4357 his
1305 4302 1380 4370 R,
1437 4303 1506 4357 iis
1534 4306 1607 4372 12²
1794 4306 1980 4373 raptus
2025 4302 2071 4359 Ο
2258 4320 2368 4358 esse
2402 4320 2537 4359 se—

281 4406 336 4444 se
372 4406 484 4445 esse
521 4392 680 4447 uncis
712 4389 940 4445 inclusit
977 4388 1094 4444 Sch.
