3175 5050
612 424 736 488 120
1377 420 1743 476 Claudiani
1784 421 2100 476 Mamerti

1660 611 1817 693 VII.

610 801 904 850 PAGANIS
951 802 1207 848 VTITVR
1251 801 1571 850 TESTIBVS
1616 802 1885 850 NVLLAS
1928 803 2004 849 IN
2040 801 2257 850 ANIMA
2288 800 2685 850 CORPOREAS
2720 801 2896 850 ESSE

1103 904 1464 952 MENSVRAS
1511 906 1645 952 VEL
1692 904 1991 952 LOCALIA
2038 906 2383 954 PONDERA.

701 1042 822 1109 Sed
857 1043 1153 1125 quoniam
1199 1061 1360 1109 nunc
1404 1046 1651 1124 tempus
1696 1043 1865 1108 aliud
1903 1047 2015 1120 est,
2064 1061 2253 1125 quam
2285 1045 2357 1108 ut
2387 1044 2462 1108 (16
2492 1043 2897 1126 quaestionis

616 1145 799 1210 huius
843 1145 1339 1227 praeeminentia
1397 1145 1705 1228 copiosius
1753 1147 2165 1229 disputemuS,
2226 1147 2480 1211 tantum
2524 1147 2777 1212 scilicet
2826 1147 2901 1212 in
2942 1169 2965 1209 ⁵

613 1249 712 1314 his
757 1253 1034 1314 moratus
1083 1269 1244 1324 sum,
1301 1257 1609 1331 quantum
1655 1249 2061 1332 prudentibus
2092 1249 2248 1314 satis
2278 1249 2563 1335 arbitror,
2610 1270 2736 1333 quo
2771 1251 2901 1315 ad-

613 1352 798 1433 plene
845 1352 1219 1434 cognoscant
1263 1353 1468 1417 nullas
1515 1355 1581 1419 in
1626 1352 1840 1420 anima
1877 1369 2197 1434 corporeas
2232 1372 2367 1418 esse
2396 1371 2723 1418 mensuras
2781 1355 2901 1418 uel

615 1454 839 1520 localia
897 1456 1173 1538 pondera
1233 1456 1337 1520 uel
1391 1456 1665 1539 partium
1725 1456 1949 1537 spatia,
2025 1457 2131 1520 sed
2177 1455 2336 1521 illud
2384 1457 2461 1521 ab
2507 1476 2577 1522 ea
2620 1457 2901 1540 percipi,

618 1559 782 1640 quod
839 1577 951 1623 nec
1009 1559 1180 1624 locus
1242 1560 1411 1640 capit
1476 1577 1588 1622 nec
1653 1559 1891 1641 pondus
1937 1561 2147 1623 mouet
2191 1577 2305 1623 nec
2352 1560 2577 1625 diuisio
2627 1561 2898 1644 minuit,

615 1663 797 1726 modo
853 1662 944 1736 tu,
1005 1660 1240 1726 arbiter
1300 1662 1496 1737 docte,
1555 1661 1919 1742 probaueris
1975 1661 2207 1726 iustam
2252 1682 2486 1746 gnarus
2530 1664 2692 1728 ferre
2740 1685 2899 1730 sen·
2921 1689 2967 1726 ιο

616 1764 903 1838 tentiam,
952 1781 1114 1828 anne
1157 1766 1241 1828 sit
1284 1764 1455 1828 locus
1501 1764 1666 1846 quod
1715 1764 1979 1829 inlocale
2023 1765 2265 1847 recipit,
2312 1785 2393 1832 an
2437 1767 2667 1848 partile
2716 1770 2900 1851 quod

617 1868 814 1933 secari
877 1867 1113 1949 nequit,
1160 1885 1238 1930 an
1292 1868 1711 1933 mensurabile
1757 1869 1920 1949 quod
1965 1867 2279 1934 infinitum
2330 1871 2514 1952 capit.
2592 1889 2762 1935 nunc
2811 1872 2903 1935 ad

617 1970 976 2036 Philolaum
1007 1969 1206 2048 redeo,
1255 1988 1292 2033 a
1328 1989 1446 2052 quo
1479 1969 1714 2034 dudum
1746 1989 1975 2056 magno
2002 1972 2339 2036 interuallo
2373 1973 2686 2056 digressus
2720 1993 2899 2051 sum,

621 2072 729 2153 qui
774 2073 838 2134 in
873 2071 1062 2135 tertio
1109 2071 1523 2150 uoluminum,
1557 2090 1713 2153 quae
1756 2071 1907 2156 περὶ
1952 2077 2221 2158 ῥυθμῶν
2264 2073 2372 2139 καὶ
2415 2073 2666 2159 μέτρων
2697 2095 2899 2158 prae-

621 2175 821 2250 notat,
868 2176 942 2238 de
990 2174 1203 2237 anima
1246 2174 1522 2238 humana
1567 2175 1660 2239 sic
1703 2175 2010 2256 loquitur:
2058 2177 2320 2242 anima
2365 2178 2675 2243 inditur
2725 2198 2968 2245 cor-15

623 2277 792 2360 pori
835 2297 969 2360 per
1019 2296 1424 2342 numerum
1468 2278 1542 2342 et
1585 2278 2084 2344 inmortalem
2124 2282 2598 2365 eandemque
2631 2281 2900 2348 incor-

620 2381 972 2463 poralem
1046 2380 1709 2445 conuenientiam.
1800 2382 1954 2446 item
2029 2385 2169 2464 post
2247 2383 2407 2448 alia:
2484 2385 2905 2468 diligitur

619 2501 900 2569 corpus
949 2487 1038 2551 ab
1085 2486 1371 2561 anima,
1421 2485 1601 2567 quia
1646 2485 1816 2550 sine
1862 2504 1938 2550 eo
1977 2503 2127 2551 non
2171 2489 2441 2569 potest
2486 2488 2903 2555 utisensi-

619 2589 780 2654 bue.
849 2606 884 2651 a
931 2606 1078 2669 quo
1144 2592 1562 2672 postquam
1634 2594 1883 2654 morte
1951 2592 2289 2656 deducta
2355 2597 2505 2671 est,
2576 2594 2743 2677 agit
2814 2596 2903 2659 in

621 2694 912 2757 mundo
977 2693 1573 2776 incorporalem
1643 2694 1910 2759 uitam.
1979 2712 2101 2758 non
2170 2714 2283 2777 ego
2346 2714 2511 2759 nunc
2567 2698 2969 2761 rationumzo

621 2795 943 2859 tramitem
991 2797 1054 2859 et
1098 2785 1574 2861 nexuosissimas
1624 2796 2063 2877 quaestionum
2102 2796 2401 2862 minutias
2434 2797 2712 2875 reuoluo‚
2746 2799 2902 2881 qui-

621 2897 740 2962 bus
807 2898 958 2963 haec
1013 2898 1364 2979 probabilia
1431 2918 1550 2980 quo
1611 2900 1783 2963 uoles
1844 2900 2217 2963 aduersante
2274 2901 2599 2966 Philolaus
2670 2900 2898 2966 efficit.

624 3001 687 3065 in
737 3018 894 3082 quae
940 3001 994 3065 si
1038 3001 1173 3084 quis
1218 3002 1321 3066 uel
1367 3002 1731 3066 curiositate
1784 3002 1886 3066 uel
1932 3002 2140 3067 studio
2186 3003 2347 3069 forte
2398 3003 2779 3088 flagrauerit,
2818 3008 2901 3069 de

727 3292 762 3345 5
797 3292 1152 3360 preminentia
1188 3292 1302 3355 ΒΗ,
1355 3292 1656 3361 pminentia
1692 3292 1747 3345 R
1886 3290 1918 3344 6
1956 3290 2127 3359 quoad
2164 3290 2319 3359 plene
2352 3292 2601 3360 plerique
2639 3293 2899 3359 editores,

624 3392 726 3445 quo
762 3378 915 3445 plene
943 3395 1002 3445 p,
1057 3378 1196 3446 quod
1232 3378 1300 3431 ad
1333 3380 1492 3446 plene
1526 3378 1643 3431 BD
1836 3377 1903 3429 10
1937 3376 2241 3444 probaberis
2277 3379 2449 3435 ΑΜΖ»
2650 3380 2803 3433 iusta
2841 3383 2903 3436 R

624 3464 742 3517 Sch.
781 3464 846 3517 in
879 3470 1066 3529 textu,
1125 3465 1330 3517 iustam
1365 3464 1507 3518 idem
1542 3466 1605 3517 in
1640 3464 1787 3517 ‘notis
1994 3464 2214 3531 ignarus
2262 3464 2393 3517 libri
2418 3470 2646 3533 praeter
2682 3466 2905 3522 E'GM

625 3555 676 3603 et
712 3549 833 3603 Sch.
1008 3552 1070 3605 11
1109 3568 1178 3604 an
1203 3551 1375 3604 nescit
1411 3552 1465 3604 A
1640 3550 1707 3603 14
1742 3566 1875 3618 quae
1911 3565 2011 3603 om.
2048 3551 2459 3619 BDFHLMS,
2520 3554 2663 3620 quod
2698 3554 2757 3607 A

627 3636 806 3687 ΠΕΡΙ
848 3635 1174 3687 PYTMON
1214 3637 1327 3690 AB
1337 3636 1789 3701 GDEFHLRS,
1859 3636 2042 3687 ΠΕΡΙ
2081 3636 2439 3689 ΑΡΙΘΜΟΝ
2482 3639 2550 3703 G,
2611 3638 2901 3706 epithmon

513 3749 515 3751 ·
624 3722 717 3787 M,
787 3722 1022 3790 ῥυθμῶν
1074 3724 1293 3789 (omisso
1346 3723 1494 3792 περί)
1548 3724 1579 3777 b
1786 3724 1949 3775 KAH
1995 3723 2333 3775 MHTPON
2378 3721 2681 3790 ABDEF,
2742 3727 2903 3777 KAE

623 3844 955 3895 METPON
985 3843 1269 3909 GHLRS,
1331 3844 1464 3895 KAI
1495 3844 1814 3896 METPOY
1850 3844 1918 3910 G,
1976 3858 2256 3912 cametpon
2292 3844 2367 3897 M
2574 3844 2641 3898 15
2682 3812 2899 3899 indissur

631 3930 688 3992 G,
749 3930 1020 3997 indigitur
1055 3931 1126 3991 R,
1184 3929 1410 3984 indutur
1455 3930 1520 3994 G,
1580 3930 1826 3983 induitur
1862 3933 1931 3997 1³²
2141 3930 2206 3984 16
2252 3930 2540 3983 inmortale
2590 3932 2897 3997 ABDFR,

623 4015 1094 4070 immortalitatem
1129 4012 1210 4069 Ε2
1409 4016 1472 4068 17
1508 4032 1548 4084 Ρ
1583 4015 1747 4069 aliam
1782 4015 1838 4070 R
2035 4016 2102 4071 18
2144 4031 2207 4068 ea
2243 4016 2347 4080 B‘,
2410 4031 2471 4069 60
2508 4032 2577 4069 ex
2612 4016 2675 4069 eb
2716 4017 2763 4071 S

623 4099 694 4153 20
740 4100 910 4153 uitam
956 4103 1342 4169 incorporalem
1387 4102 1515 4156 libri
1554 4107 1783 4169 praeter
1830 4101 1903 4154 M
2104 4103 2166 4155 21
2219 4102 2293 4169 et]
2343 4117 2437 4170 per
2488 4101 2755 4155 Galland.

621 4186 691 4241 22
743 4186 835 4254 qui
887 4188 958 4253 A,
1019 4188 1161 4255 quod
1213 4189 1284 4241 M
1297 4189 1345 4256 b,
1411 4187 1585 4257 quoad
1640 4187 1913 4241 Barthius
2118 4187 2267 4241 uolet
2318 4188 2594 4241 Barthius
2802 4187 2897 4241 ad-

619 4274 862 4327 uersanti
912 4289 957 4342 p
1011 4273 1286 4329 Barthius
1575 4274 1740 4328 efficit
1794 4274 2043 4340 GGMR,
2118 4274 2295 4327 effecit
2347 4275 2468 4330 rell.
2522 4280 2575 4329 et
2632 4274 2753 4330 Sch.

622 4360 691 4413 23
726 4359 1011 4428 flagauerit
1045 4360 1100 4413 R
