3175 5050
1031 450 1122 504 De
1159 450 1347 503 statu
1383 450 1647 503 animae
1683 449 1713 504 Ι
1751 449 1834 505 13.
2474 451 2561 517 57

297 637 428 701 tem
485 636 797 719 spiritum.
875 636 982 719 qui
1041 636 1259 718 utique
1319 636 1580 717 spiritus
1636 636 1691 700 si
1750 636 1815 699 in
1858 635 1978 700 hac
2021 636 2157 701 uita
2200 638 2560 720 concupiuit

297 740 591 805 aduersus
638 759 891 805 earnem
921 741 984 804 et
1015 739 1480 822 concupiscenti
1521 742 1851 805 aduersum
1894 757 1961 803 se
1992 739 2163 804 carni
2194 758 2314 805 non
2345 741 2559 819 cessit,

297 844 430 908 iure
473 846 539 908 in·
583 847 908 909 aeternum
954 842 1116 907 nihil
1161 843 1273 907 illo
1320 842 1717 907 difficultatis
1768 841 2014 917 sentiet,
2064 841 2239 906 cuius
2286 842 2559 907 diffieuh

297 948 459 1011 tates
505 946 786 1011 caelestis
835 946 1048 1011 auxilii
1093 946 1332 1011 uirtute
1377 946 1717 1026 superauit,
1795 963 1906 1009 nec
1952 962 2065 1026 par
2112 946 2235 1011 erit
2274 947 2348 1008 ut
2380 963 2558 1009 exae-

255 1050 522 1129 5quetur
569 1050 836 1128 domino,
905 1050 1013 1131 qui
1077 1048 1280 1112 eidem
1345 1048 1532 1113 cessit
1599 1048 1857 1124 inuituS,
1929 1052 1991 1111 et
2049 1048 2117 1111 in
2178 1046 2344 1113 serui
2387 1048 2559 1113 statu

297 1156 631 1233 remaneat,
679 1152 785 1233 qui
829 1152 986 1217 uicit
1029 1151 1441 1215 uoluntarius.
1503 1151 1793 1233 quocirca
1838 1150 2022 1215 datur
2053 1150 2360 1233 intellegi,
2395 1150 2560 1231 quod

297 1255 459 1318 sicut
523 1255 587 1318 in
658 1254 774 1321 hac
841 1255 976 1318 uita
1018 1254 1264 1319 animae
1322 1253 1628 1318 humanae
1690 1254 2046 1319 substantia
2090 1254 2562 1337 incorporaliter

298 1356 604 1439 dignitate
665 1356 762 1420 sui
821 1358 1019 1421 anteit
1081 1374 1298 1439 corpus
1357 1357 1646 1432 animale,
1709 1356 1805 1427 ita
1862 1358 2005 1443 post
2047 1356 2561 1423 resurrectionem

297 1459 981 1540 remunerationemque
1012 1459 1278 1524 anteibit
1315 1476 1535 1540 corpus
1563 1458 1863 1540 spiritale.
1942 1475 2124 1522 omne
2154 1460 2363 1522 autem
2398 1461 2561 1540 quod

230 1588 284 1627 ιο
299 1562 566 1644 spiritali
627 1578 873 1644 corpore
933 1561 1140 1644 potius
1204 1562 1316 1639 est,
1377 1558 1595 1643 corpus
1641 1565 1713 1626 ut
1757 1562 2024 1626 arbitror
2070 1578 2193 1625 non
2240 1562 2364 1626 est:
2413 1580 2559 1645 ergo

298 1668 472 1730 iuxta
501 1665 687 1731 huius
731 1664 1067 1730 necessarii
1097 1664 1222 1729 mei
1254 1664 1614 1741 tractatum,
1670 1663 1777 1745 qui
1807 1664 2058 1747 angelos
2088 1663 2221 1729 sola
2250 1682 2382 1728 esse
2412 1665 2558 1728 tan-

298 1771 436 1833 tum
468 1787 722 1851 corpora
752 1767 1052 1847 decernit,
1098 1768 1403 1832 humanae
1435 1766 1825 1855 substantiae
1858 1766 2143 1850 angelica
2174 1766 2402 1831 natura
2434 1766 2558 1831 erit

299 1870 574 1935 inferior.
653 1872 894 1935 certum
941 1889 1210 1951 namque
1254 1870 1468 1933 diuina
1513 1870 1885 1933 auctoritate
1930 1868 2275 1935 retinemus
2307 1871 2562 1933 sancto-

299 1991 441 2037 rum
487 1990 756 2055 corpora,
809 1989 964 2053 quae
1012 1972 1313 2035 inmutari
1357 1968 1765 2035 merebuntur
1809 1971 1875 2035 in
1919 1972 2204 2055 gloriam,
2252 1971 2559 2055 angelicis

225 2099 281 2140 15
300 2075 693 2156 exaequanda
767 2074 1122 2158 corporibus
1195 2074 1437 2138 dicente
1514 2074 1792 2162 dominor:
1877 2078 1953 2139 et
2026 2076 2266 2140 erunt
2339 2074 2561 2140 sicut

301 2177 570 2262 angeli
615 2178 698 2241 in
745 2178 981 2243 caelo.
1057 2178 1111 2241 si
1164 2178 1358 2261 igitur
1403 2178 1614 2261 angeli
1661 2178 1970 2261 spiritalia
2012 2181 2268 2243 tantum
2301 2196 2559 2261 corpora

299 2280 444 2344 sunt
486 2281 793 2363 uniusque
851 2280 1234 2345 substantiae
1281 2282 1344 2344 et
1401 2280 1778 2363 prouehetur
1824 2298 2043 2361 corpus
2091 2280 2435 2345 humanum
2480 2276 2560 2347 ad

299 2384 563 2465 angelici
623 2383 894 2466 eorporis
959 2383 1355 2467 dignitatem,
1417 2384 1601 2446 homo
1662 2383 1881 2465 angelo
1929 2383 2235 2467 qualitate
2281 2383 2555 2464 corporis

300 2486 764 2569 exaequabitur,
811 2486 1122 2570 dignitate
1165 2486 1420 2569 spiritus
1472 2484 1942 2568 praeeminebit.
2018 2485 2181 2569 quod
2225 2485 2300 2570 si,
2348 2489 2420 2551 ut
2465 2489 2560 2552 est

222 2588 536 2671 ⁴zoutique,
583 2589 835 2654 uidetur
878 2589 1243 2670 absurdum,
1291 2591 1519 2672 duplex
1565 2607 1713 2672 ergo
1761 2592 1855 2653 est
1904 2589 2189 2672 angelica
2224 2588 2413 2654 sicuti
2459 2594 2558 2655 est

298 2691 570 2756 humana
615 2693 1001 2760 substantia:
1047 2692 1279 2758 habens
1325 2710 1544 2775 eorpus
1598 2693 1793 2756 totius
1840 2675 2171 2756 facilitatis
2218 2693 2560 2758 maximae-

300 2811 418 2878 que
482 2794 986 2877 pulchritudini8‚
1055 2795 1218 2877 quod
1283 2795 1642 2860 hominibus
1710 2814 1851 2859 cum
1917 2795 2171 2860 iubetur
2242 2794 2558 2878 adpareat,

301 2895 534 2962 habens
601 2899 1050 2982 incorporeum,
1120 2917 1238 2984 quo
1299 2901 1482 2965 deum
1553 2917 1803 2987 semper
1874 2898 2085 2964 uideat
2158 2898 2335 2962 iuxta
2397 2897 2561 2964 illud

302 3000 736 3082 euangelicum
783 3020 900 3084 quo
949 3002 1192 3067 dictum
1223 3006 1347 3067 est:
1397 3001 1583 3084 quia
1628 3002 1901 3084 angeli
1946 3019 2217 3066 eorum
2262 3019 2563 3082 semper

222 3100 574 3168 asnident
620 3103 907 3171 faciem
951 3106 1208 3188 patris
1253 3105 1428 3170 mei.

507 3291 571 3344 15
607 3289 806 3344 Matth.
845 3289 928 3355 22,
965 3289 1034 3343 30
1240 3289 1309 3342 24
1348 3289 1546 3344 Mat-th.
1585 3290 1673 3356 18,
1706 3289 1777 3344 10

403 3459 437 3514 3
483 3459 580 3514 illo
627 3460 701 3513 M
707 3459 786 3524 b,-
825 3460 882 3513 in
929 3459 1026 3512 illo
1067 3459 1136 3526 G,
1196 3459 1336 3512 illud
1381 3459 1502 3514 rell.
1537 3465 1588 3514 et
1626 3459 1775 3525 Sela„
1838 3475 1897 3514 ex
1943 3460 2038 3514 illo
2084 3459 2385 3524 Bai-thius,
2443 3457 2563 3512 illic

285 3561 336 3614 Ρ
509 3545 710 3599 sentiat
745 3544 912 3599 HLS
1084 3545 1118 3598 4
1157 3546 1408 3599 caelestes
1443 3545 1500 3602 R
1680 3547 1712 3599 7
1748 3546 1983 3600 humana
2019 3543 2433 3601 ABF¹HLRS

299 3628 760 3697 incorporabiliter
811 3629 1239 3696 ABEFGHR,
1310 3630 1790 3700 inconparabiliter
1843 3630 1991 3686 0128
2224 3631 2257 3684 9
2317 3643 2563 3685 remune-

299 3723 510 3777 ratione
547 3737 647 3791 que
681 3725 838 3792 (quae
873 3724 926 3790 b)
963 3723 1103 3790 Mb,
1165 3724 1597 3779 remuneratione
1632 3741 1841 3795 quoque
1876 3724 2151 3780 Barthius
2346 3723 2415 3777 10
2450 3737 2564 3776 cor-

297 3861 516 3915 poreum
565 3847 635 3913 p²
841 3849 902 3902 11
959 3848 1174 3901 tantum
1221 3863 1324 3902 om.
1370 3849 1441 3916 10²
1647 3845 1713 3900 12
1767 3818 2025 3901 discernit
2078 3846 2127 3901 S
2324 3843 2565 3897 humana

299 3938 608 3992 substantia
634 3955 680 4007 Ρ
876 3939 1144 3994 humanae
1181 3939 1490 3996 substantia
1525 3940 1769 4008 angelica
1803 3943 2033 3994 naturae
2070 3939 2142 3993 M
2146 3939 2177 3993 b
2376 3937 2442 3992 15
2466 3951 2563 3990 ex·

301 4025 570 4094 sequenda
609 4024 676 4090 G,
735 4025 1076 4094 coaequanda
1111 4027 1146 4080 b
1180 4043 1250 4081 ex
1284 4028 1463 4096 ylossa
1495 4029 1562 4082 in
1596 4027 1673 4080 M
1698 4027 2078 4095 superscripta
2277 4023 2343 4077 16
2378 4024 2564 4077 tamen

299 4109 422 4166 Sela.
635 4111 700 4164 18
749 4112 805 4163 et
855 4115 986 4166 ante
1037 4111 1194 4166 homo
1247 4111 1377 4166 add.
1428 4128 1473 4180 Ρ
1699 4111 1767 4165 19
1818 4111 2194 4178 coaequabitur
2247 4109 2385 4176 Mb,
2448 4125 2562 4163 exe-

295 4195 521 4264 quabat’
568 4195 618 4250 S
815 4197 864 4250 si
907 4197 988 4266 ut]
1038 4199 1179 4250 sicut
1225 4198 1346 4263 LS,
1408 4199 1456 4251 si
1501 4199 1581 4250 ita
1627 4197 1683 4250 A
1896 4197 1967 4249 20
2012 4197 2097 4250 est
2132 4199 2259 4264 post
2304 4211 2428 4263 ergo
2473 4194 2560 4260 M,

298 4298 404 4336 om.
439 4283 559 4338 reli.
771 4281 840 4336 22
883 4283 1134 4337 uideatur
1185 4299 1441 4352 apparens
1494 4283 1570 4336 M
1611 4288 1769 4350 (corr.
1805 4283 1869 4336 in
1903 4292 2097 4352 mary.)
2304 4281 2373 4334 23
2418 4281 2562 4349 quod

295 4371 360 4435 1⁰²
565 4367 634 4422 24
669 4368 990 4438 euuangeliu
1029 4368 1076 4422 S
1275 4367 1416 4437 qnod
1451 4369 1556 4422 Mb
1762 4367 1832 4421 25
1866 4367 2087 4422 uideant
2121 4366 2237 4422 AG
