3175 5050
1279 432 1621 503 Epistula.
1774 485 1781 494 ,
2486 431 2585 508 «1Ῐῖ

323 624 482 690 aeris
545 624 730 688 huius
790 623 1166 689 admixtione
1227 624 1490 690 collecta
1547 623 1821 688 flammis
1879 625 2239 690 inueniatur
2298 623 2581 705 obnoxia,

320 744 466 810 ergo
525 728 594 792 in
651 746 791 793 aere
851 726 982 792 solo
1049 728 1258 810 (prout
1317 728 1428 804 ait,
1489 728 1542 791 si
1603 744 1853 794 aereum
1914 729 2028 811 est,
2075 729 2237 810 quod
2281 727 2579 812 ardebit),

321 849 446 896 non
509 831 576 895 in
643 831 774 910 illo,
843 831 950 896 sed
1007 833 1183 896 extra
1248 831 1430 896 illum
1495 847 1693 912 poena
1761 831 2096 896 desaeuict.
2172 832 2281 896 sed
2348 832 2581 914 absque

323 932 510 998 dubio
569 952 693 998 non
753 935 923 999 aliud
985 939 1099 1008 est,
1145 953 1334 1017 quam
1380 934 1732 1000 substantia
1775 937 2067 1017 corporis,
2114 933 2223 999 ubi
2272 935 2579 1001 dominari

278 1037 551 1118 5poterit
617 1038 713 1100 uis
781 1037 1028 1103 doloris
1104 1037 1248 1102 uide
1315 1056 1435 1120 quo
1501 1039 1721 1103 tendat
1780 1038 2119 1121 inprudens
2181 1041 2247 1102 et
2304 1037 2580 1120 inperita

319 1140 660 1222 persuasio,
696 1141 806 1223 qui
849 1142 1274 1224 incorporeum
1321 1159 1464 1208 cum
1493 1142 1789 1223 loquitur,
1844 1142 2040 1207 etiam
2070 1141 2576 1226 inconprehensi-

317 1243 513 1308 bilem
571 1243 919 1322 confitetur,
997 1263 1068 1308 ac
1134 1245 1228 1308 sic
1286 1246 1531 1310 condito
1598 1244 1903 1310 adscribit
1971 1247 2159 1328 operi,
2230 1245 2392 1326 quod
2460 1245 2579 1309 soli

323 1345 601 1429 conpetit
667 1346 983 1429 conditori,
1067 1365 1138 1415 ac
1211 1342 1394 1412 rebus
1460 1348 1682 1414 creatis
1744 1349 2168 1414 communicat
2235 1345 2577 1437 priuilegia

319 1449 672 1515 maiestatis
731 1451 794 1514 et
851 1450 1196 1518 indebitam
1239 1451 1517 1518 facturae
1561 1453 1905 1534 potentiam
1952 1469 2149 1533 usque
2194 1451 2274 1516 ad
2320 1450 2575 1521 factoris

249 1577 302 1618 10
321 1553 600 1618 extendit
657 1552 972 1618 iniuriam.
1051 1555 1104 1618 si
1150 1557 1305 1620 bene
1359 1554 1749 1637 requiramus
1794 1555 1871 1618 ad
1921 1572 2072 1636 quos
2116 1572 2325 1618 rerum
2373 1555 2573 1618 exitus

319 1656 598 1720 animum
643 1657 897 1735 referem,
944 1657 1096 1722 haec
1141 1659 1243 1724 uel
1289 1658 1562 1724 maxime
1607 1657 1925 1728 diabolum
1972 1657 2305 1723 credulitas
2350 1676 2422 1720 ex
2460 1656 2576 1721 illa

316 1758 536 1824 beatae
596 1761 758 1824 sedis
818 1761 1084 1824 statione
1129 1761 1430 1840 deuoluit,
1486 1767 1550 1826 et
1593 1763 1846 1842 propter
1890 1761 2005 1824 hoc
2049 1761 2257 1844 angeli
2298 1760 2573 1842 perdidit

316 1865 710 1948 dignitatem,
759 1866 909 1928 dum
955 1883 1020 1930 sc
1065 1865 1164 1929 dei
1209 1865 1551 1947 praesumit
1627 1864 1853 1932 habere
1900 1868 2214 1930 naturam.

287 2040 293 2045 .
401 1985 576 2049 Vnus
638 2003 784 2069 ergo
846 1987 996 2049 deus
1059 1986 1474 2068 incorporem,
1538 1988 1683 2068 quia
1727 1990 1789 2051 et
1833 1983 2463 2068 inconprehensibilis
2507 1987 2570 2048 et

241 2109 295 2150 15
313 2087 543 2170 ubique
604 2088 902 2152 diffusus:
965 2106 1037 2153 cx
1095 2088 1334 2153 nullius
1387 2087 1554 2154 enim
1602 2089 1883 2154 facturae
1931 2106 2258 2170 corporeae
2302 2087 2569 2154 materia

317 2187 726 2276 <materia>le
769 2193 1036 2274 sumpsit
1065 2191 1404 2268 exordium,
1477 2195 1539 2256 et
1591 2192 1733 2256 ideo
1764 2196 2126 2257 coaeternus
2178 2192 2345 2256 filius
2376 2191 2561 2274 patri,

309 2291 456 2375 quia
517 2313 590 2357 ex
649 2293 822 2358 nullo
884 2313 1064 2376 opere
1123 2294 1405 2360 conditus
1450 2295 1767 2378 nullisque
1810 2293 2010 2360 initiis
2055 2296 2566 2376 circumscriptus

307 2415 494 2478 super
537 2397 780 2476 omnia,
844 2416 998 2479 quae
1039 2398 1234 2482 figulo
1279 2408 1392 2464 suo
1437 2397 1997 2480 conprehensibilis,
2040 2401 2229 2480 atque
2274 2414 2566 2480 corporea

305 2497 478 2565 intra
522 2499 744 2566 mundi
787 2517 1008 2583 corpus
1056 2504 1342 2583 operatus
1387 2503 1501 2579 est,
1549 2502 1913 2587 incorporea
1952 2501 2284 2572 maiestate
2330 2498 2561 2569 diffunr

235 2629 290 2669 20
307 2603 500 2682 ditur,
561 2624 634 2670 ex
691 2604 971 2687 ingenito
1029 2607 1277 2689 genitus
1337 2605 1404 2671 id
1463 2610 1560 2671 est
1622 2626 1693 2671 ex
1733 2608 1931 2689 patre,
1970 2604 2087 2673 sed
2131 2622 2375 2687 semper
2418 2622 2561 2672 cum

304 2708 482 2788 patre
535 2707 637 2773 his
684 2726 856 2791 quae
915 2708 1216 2775 excitauit
1275 2728 1348 2774 ex
1407 2710 1607 2775 nihilo
1668 2708 2004 2775 indiscreta
2048 2706 2253 2775 sancti
2300 2707 2564 2791 spiritus

303 2811 604 2877 societate
662 2812 1037 2879 dominatur.

407 3100 436 3153 1
486 3098 797 3153 inueniatur
850 3099 1139 3165 OanisiuS,
1201 3100 1508 3155 inuenietur
1553 3102 1607 3155 Z
1808 3103 1843 3155 2
1882 3117 1988 3171 pro
2034 3116 2153 3156 aere
2198 3102 2429 3157 uidetur
2464 3101 2559 3155 deo

299 3191 518 3239 exstare
563 3186 626 3239 in
671 3186 728 3239 Z
921 3187 955 3241 3
1001 3202 1063 3239 ex
1109 3187 1162 3240 Z
1364 3188 1634 3242 desaeuiet
1676 3188 1991 3253 Hartelius,
2050 3187 2348 3242 desaeuiret
2390 3189 2557 3245 Oani-

297 3273 442 3335 εἰπε,
501 3271 709 3325 desatui
756 3275 813 3326 et
859 3272 912 3325 Z
1113 3274 1147 3327 6
1193 3275 1561 3341 incorporeum
1608 3290 1726 3328 cum
1773 3274 1998 3342 scripsi,
2058 3274 2453 3341 incorporecum
2490 3278 2555 3339 Z,

297 3358 662 3425 incorporeum
703 3357 961 3413 canisius
1153 3363 1212 3411 et
1245 3358 1354 3414 iam
1391 3359 1648 3415 canisius
1851 3360 1887 3413 8
1930 3359 2325 3419 communicant
2368 3360 2425 3413 Z

298 3444 332 3497 9
384 3445 623 3499 facturae
671 3444 892 3513 scripsi,
951 3444 1164 3499 futurae
1218 3444 1291 3509 Z,
1361 3448 1636 3501 creaturae
1696 3444 1975 3511 Oanisius,
2034 3462 2111 3499 cm
2162 3446 2371 3509 feturae
2418 3448 2555 3506 scri-

297 3528 530 3583 bendum
559 3528 589 3584 1⁶²
796 3530 858 3582 11
907 3528 1196 3583 crudelitas
1239 3528 1498 3585 canisius
1706 3530 1773 3585 14
1817 3534 1871 3585 et
1896 3536 2025 3599 post
2059 3531 2187 3600 quia
2222 3547 2323 3587 om.
2359 3532 2467 3585 Ma
2503 3537 2557 3587 et

298 3616 548 3675 Schottus
739 3617 801 3669 15
839 3616 992 3669 nulla
1017 3616 1160 3669 enim
1186 3616 1398 3669 factura
1430 3616 1506 3669 M
1512 3617 1543 3670 b
1732 3633 1979 3685 corporea
2006 3618 2079 3672 M
2087 3618 2118 3671 b
2144 3616 2283 3683 Βοὴ,
2336 3632 2553 3685 corpore

305 3703 567 3758 Oanisius
738 3701 1030 3771 corporeae]
1069 3701 1418 3755 subsistentia
1452 3701 1580 3757 add.
1618 3702 1666 3756 S
1831 3706 2055 3756 materia
2082 3704 2359 3756 materiale
2395 3704 2551 3757 Har-

295 3788 482 3854 telius‚
551 3791 775 3843 materia
817 3788 910 3842 ille
955 3789 1074 3857 ipse
1121 3788 1249 3841 olim
1296 3788 1631 3845 coniecerant
1644 3810 1662 3852 ,·
1728 3791 2005 3843 materiale
2050 3790 2177 3843 libri
2204 3794 2441 3857 “practer
2476 3788 2549 3855 E,

295 3874 391 3943 qwi
442 3874 663 3927 materia
695 3873 856 3927 habet
1063 3873 1128 3927 16
1163 3876 1514 3942 quoaeternus
1549 3873 1661 3941 ΟΖ,
1714 3890 1761 3943 q.
1800 3877 2048 3928 aeternus
2085 3874 2165 3938 R,
2218 3874 2345 3940 quia
2382 3876 2549 3927 aeter-

294 3976 397 4013 nus
447 3960 755 4024 ABEFH,
817 3960 942 4027 quia
994 3962 1301 4013 coaeternus
1356 3958 1398 4012 S
1639 3960 1781 4028 patri
1832 3960 1977 4014 filius
2028 3958 2415 4014 ABEFHRS

296 4046 359 4099 17
385 4043 814 4099 circumscribtus
837 4044 900 4111 Z,
934 4044 1390 4099 circumscribitur
1421 4044 1677 4100 Oanisius
1866 4045 2059 4098 factori
2083 4042 2190 4096 Ma
2216 4048 2266 4096 ct
2292 4043 2409 4097 Sch.

294 4132 360 4187 19
411 4132 670 4185 mundum
723 4132 779 4185 Z
798 4133 1055 4187 Oanisius
1261 4135 1516 4199 operatur
1570 4132 1603 4184 b
1812 4134 1891 4185 est
1936 4146 2035 4184 om.
2083 4129 2191 4183 Mb
2399 4130 2469 4183 20
2516 4146 2547 4181 a

289 4222 444 4287 patre
489 4218 534 4273 Ο
725 4219 788 4272 21
827 4217 921 4287 qui
958 4218 1010 4271 Z
1195 4218 1387 4287 nihilo]
1425 4222 1480 4271 et
1513 4218 1644 4271 add.
1681 4216 1737 4270 Z
1925 4216 1993 4269 22
2030 4215 2355 4285 dominatur]
2392 4231 2545 4269 ame-n

289 4302 418 4357 add.
457 4304 506 4357 Z
532 4304 787 4358 canisius

399 4476 485 4529 XI.
2302 4478 2333 4529 2
