3175 5050
1098 447 1466 518 Epistulae
1509 449 1701 508 duae.
2402 451 2529 516 203

777 1243 1330 1342 EPISTVLA
1389 1185 2034 1345 Posrsslosss

465 1518 874 1568 DOOTISSIMO
917 1518 1085 1569 VIRO
1129 1521 1446 1570 SAPAVDO
1495 1521 1799 1570 RHETORI
1852 1522 2311 1572 CLAVDIANVS.

351 1657 839 1742 Disciplinarum
871 1659 1152 1725 omnium
1195 1662 1380 1742 atque
1411 1661 1644 1726 artium
1674 1663 1981 1746 magistra
2010 1659 2268 1728 Graecia
2297 1661 2526 1727 idcirco

266 1762 534 1828 maxime
565 1763 878 1829 nobilibus
909 1762 1138 1828 studiis
1178 1766 1474 1845 prouecta
1503 1766 1597 1830 est
1629 1766 1814 1848 atque
1847 1764 2061 1830 orbem
2091 1784 2285 1847 paene
2317 1767 2526 1832 totum

220 1894 248 1934 5
266 1865 724 1948 multiplicibus
780 1865 1076 1950 conplexa
1130 1867 1454 1948 doctriniS,
1501 1869 1795 1951 quoniam
1838 1887 2020 1934 nemo
2066 1869 2200 1934 illic
2244 1869 2526 1934 omnium

266 1968 408 2045 fuit,
443 1969 550 2051 qui
581 1969 923 2052 quidquam
955 1971 1146 2036 bonae
1190 1971 1389 2049 frugis
1420 1970 1637 2050 ferret,
1686 1973 1812 2037 cui
1856 1989 2005 2036 non
2056 1990 2191 2056 par
2234 1972 2527 2038 merito

267 2072 508 2138 honos
539 2073 716 2138 siet.
778 2073 925 2138 hinc
953 2074 1237 2140 nonnulli
1266 2075 1564 2139 mortales
1599 2079 1889 2140 naturam
1918 2095 2112 2158 paene
2143 2075 2527 2158 supergressi

266 2177 636 2241 mortalium
682 2177 946 2242 extentis
990 2166 1428 2261 usquequaque
1469 2178 1909 2244 excellentium
1939 2178 2335 2262 ingeniorum
2366 2178 2526 2244 uiri-

265 2281 381 2346 bus
462 2280 958 2362 infatigabilibus
1035 2282 1201 2346 curis
1269 2300 1478 2346 rerum
1546 2281 1763 2346 abdita
1840 2283 2141 2346 rimantes
2212 2283 2525 2364 repositas

197 2414 250 2454 10
267 2383 672 2470 originalium
736 2383 1220 2468 primordiorum
1285 2402 1504 2449 causas
1564 2387 1632 2449 et
1699 2384 2131 2465 temporaliter
2195 2383 2527 2450 fluentium

265 2488 762 2555 substantiarum
806 2487 1106 2571 praefixos
1153 2506 1306 2554 aeuo
1352 2491 1647 2555 terminos
1690 2487 1915 2572 indage
1960 2488 2023 2555 et
2067 2489 2201 2553 arte
2246 2489 2526 2572 conplexi

269 2610 391 2657 non
435 2592 620 2657 modo
663 2590 833 2657 intra
876 2594 1282 2672 mundanum,
1330 2595 1439 2658 sed
1482 2592 1935 2675 supercaeleste
1987 2592 2179 2658 etiam
2230 2591 2528 2658 introiere

267 2696 595 2759 secretum.

354 2796 530 2875 Quod
599 2798 758 2863 mihi
831 2800 895 2864 in
969 2798 1463 2882 praesentiarum
1536 2816 1687 2863 usus
1763 2801 1860 2864 est
1934 2798 2161 2882 dicere,
2235 2798 2526 2881 quoniam

199 2929 250 2971 15
267 2898 570 2967 bonarum
635 2902 869 2966 artium
933 2899 1062 2965 iam
1127 2900 1276 2965 inde
1321 2920 1358 2965 a
1401 2918 1773 2985 proauorum
1838 2904 2195 2967 nostrorum
2261 2901 2525 2967 saeculis

267 3004 435 3069 facta
499 3004 740 3070 iactura
785 3004 850 3069 et
900 3002 1094 3068 animi
1156 3004 1400 3069 cultum
1465 3005 1790 3087 despuens,
1862 3023 1981 3087 quo
2048 3004 2181 3069 solo
2249 3008 2525 3087 praestat

266 3107 492 3191 pecudi
547 3126 700 3193 gens
758 3106 1046 3186 humana,
1105 3107 1350 3174 deliciis
1396 3111 1460 3174 et
1504 3109 1752 3174 diuitiis
1797 3110 2075 3175 seruiens
2118 3107 2413 3193 ignauiae
2458 3108 2525 3171 et

265 3210 556 3277 inscitiae
611 3209 850 3276 famula
902 3227 1152 3293 pessum
1207 3230 1387 3293 porro
1444 3211 1615 3277 dedit
1673 3230 1817 3277 cum
1861 3212 2148 3277 doctrina
2191 3210 2527 3275 uirtutem.

471 3394 630 3450 65²?

392 3566 427 3619 2
479 3566 640 3623 Haec
691 3566 934 3635 epistula
983 3566 1048 3621 in
1097 3581 1210 3621 uno
1263 3565 1442 3621 codice
1491 3566 1755 3622 Parisino
1806 3582 1893 3622 nr.
1946 3568 2095 3621 2165
2143 3582 2281 3624 saec.
2334 3566 2526 3633 XIII,

263 3669 426 3722 quem
475 3668 650 3721 supra
701 3653 813 3708 iam
863 3652 1028 3707 litera
1080 3652 1141 3705 E
1190 3652 1643 3722 siqnificauimus‚
1698 3652 1897 3723 leyitur
1951 3652 2066 3720 (fol.
2114 3655 2212 3707 34*
2255 3654 2354 3709 col.
2390 3658 2423 3707 1
2456 3682 2524 3693 --

262 3740 365 3806 fol.
406 3741 493 3794 35r
538 3740 638 3793 col.
675 3740 752 3807 2).
813 3744 937 3793 erat
982 3738 1119 3793 liber
1164 3738 1257 3792 ille
1301 3738 1716 3807 mwnuscriptus
1763 3740 1892 3793 olim
1932 3738 2158 3794 Baluzii
2202 3738 2341 3807 (cod.
2376 3742 2523 3807 112),

263 3827 364 3894 qai
409 3824 542 3879 inde
585 3825 730 3879 hamc
773 3824 1064 3893 epistulam
1109 3822 1439 3893 deprompsit
1482 3830 1649 3893 atque
1696 3824 1873 3879 edidit
1914 3825 1981 3879 in
2014 3824 2525 3880 ‘Miscellaneorum'

265 3930 408 3983 libro
461 3928 554 3983 VI
599 3927 808 3995 (Lutet.
859 3927 1039 3981 Paris.
1092 3929 1260 3992 1713)
1310 3942 1442 3996 paq·
1497 3930 1609 3981 535
1630 3942 1740 3996 sqq.
1946 3942 2204 3983 annon·
2254 3910 2527 3983 affirm
2591 3966 2593 3971 ·

263 4046 582 4089 cmvmm
614 4048 688 4086 ns
724 4044 904 4086 stram-v
939 4044 1168 4085 aman
1201 4045 1374 4085 LIBER
1408 4046 1665 4089 raarrvs,
1709 4013 1857 4085 iffisa
1890 4045 2156 4087 mvsmm.
2192 4042 2525 4083 noc‘rrssmo

261 4134 405 4175 vmo
442 4131 700 4173 sumno
735 4131 993 4172 amnem
1029 4131 1384 4172 cmvmntvs
1419 4115 1482 4171 Ε
1680 4117 1715 4171 3
1750 4116 1936 4170 iccirco
1972 4114 2035 4169 E
2232 4116 2268 4169 4
2302 4130 2437 4183 pene
2471 4116 2534 4171 Ε

263 4206 354 4259 hic
399 4211 452 4259 et
493 4202 658 4269 infra
872 4203 904 4256 6
956 4202 1132 4256 uerba
1181 4202 1466 4255 cui—siet
1511 4218 1540 4255 e
1585 4203 1809 4257 senario
1862 4200 2098 4270 quodam
2148 4200 2377 4256 iambico
2429 4201 2525 4256 de-

253 4294 522 4359 prompta
556 4304 669 4345 esse
691 4289 754 4343 in
770 4288 1072 4357 propatulo
1097 4292 1175 4341 est
1347 4288 1414 4340 10
1437 4286 1821 4343 fluctuantium
1846 4286 2119 4341 Baluzius
2293 4286 2355 4340 11
2394 4302 2527 4341 aeuo

261 4393 367 4431 om.
403 4377 681 4431 Baluzius
889 4374 955 4428 18
990 4389 1203 4443 passum
1239 4374 1515 4427 Baluzius
