<?xml version="1.0" encoding="UTF-8"?>
<!DOCTYPE html PUBLIC "-//W3C//DTD XHTML 1.0 Transitional//EN"
    "http://www.w3.org/TR/xhtml1/DTD/xhtml1-transitional.dtd">
<html xmlns="http://www.w3.org/1999/xhtml" xml:lang="en" lang="en">
 <head>
  <title>
</title>
<meta http-equiv="Content-Type" content="text/html;charset=utf-8" />
  <meta name='ocr-system' content='tesseract 3.04.00' />
  <meta name='ocr-capabilities' content='ocr_page ocr_carea ocr_par ocr_line ocrx_word'/>
</head>
<body>
  <div class='ocr_page' id='page_1' title='image "./corpusscriptoru28wiengoog_0129.png"; bbox 0 0 3175 5050; ppageno 0'>
   <div class='ocr_carea' id='block_1_1' title="bbox 1046 462 2579 532">
    <p class='ocr_par' dir='ltr' id='par_1_1' title="bbox 1046 462 2579 532">
     <span class='ocr_line' id='line_1_1' title="bbox 1046 462 2579 532; baseline -0.007 -15"><span class='ocrx_word' id='word_1_1' title='bbox 1046 464 1136 519; x_wconf 89' lang='lat' dir='ltr'><strong>De</strong></span> <span class='ocrx_word' id='word_1_2' title='bbox 1171 466 1362 518; x_wconf 86' lang='lat' dir='ltr'><strong>statu</strong></span> <span class='ocrx_word' id='word_1_3' title='bbox 1397 464 1663 517; x_wconf 87' lang='lat' dir='ltr'><strong>animae</strong></span> <span class='ocrx_word' id='word_1_4' title='bbox 1697 462 1847 518; x_wconf 87' lang='lat'><strong>118.</strong></span> <span class='ocrx_word' id='word_1_5' title='bbox 2494 467 2579 532; x_wconf 76' lang='lat'><strong>67</strong></span> 
     </span>
    </p>
   </div>
   <div class='ocr_carea' id='block_1_2' title="bbox 245 640 2582 2293">
    <p class='ocr_par' dir='ltr' id='par_1_2' title="bbox 245 640 2582 2293">
     <span class='ocr_line' id='line_1_2' title="bbox 319 640 2580 735; baseline 0.002 -18"><span class='ocrx_word' id='word_1_6' title='bbox 319 654 662 720; x_wconf 83' lang='lat' dir='ltr'><strong>uideamus.</strong></span> <span class='ocrx_word' id='word_1_7' title='bbox 739 672 812 719; x_wconf 82' lang='lat' dir='ltr'><strong>ae</strong></span> <span class='ocrx_word' id='word_1_8' title='bbox 874 653 1149 735; x_wconf 88' lang='lat' dir='ltr'><strong>primum</strong></span> <span class='ocrx_word' id='word_1_9' title='bbox 1223 652 1384 717; x_wconf 88' lang='lat' dir='ltr'><strong>illud</strong></span> <span class='ocrx_word' id='word_1_10' title='bbox 1458 652 1865 719; x_wconf 68' lang='lat' dir='ltr'>excutiendae</span> <span class='ocrx_word' id='word_1_11' title='bbox 1940 652 2321 735; x_wconf 82' lang='lat' dir='ltr'><strong>quaestionis</strong></span> <span class='ocrx_word' id='word_1_12' title='bbox 2392 640 2580 721; x_wconf 82' lang='lat' dir='ltr'><strong>huius</strong></span> 
     </span>
     <span class='ocr_line' id='line_1_3' title="bbox 318 755 2582 840; baseline 0.002 -19"><span class='ocrx_word' id='word_1_13' title='bbox 318 757 834 840; x_wconf 77' lang='lat' dir='ltr'><strong>potissimumque</strong></span> <span class='ocrx_word' id='word_1_14' title='bbox 904 755 988 820; x_wconf 90' lang='lat' dir='ltr'><strong>sit</strong></span> <span class='ocrx_word' id='word_1_15' title='bbox 1030 755 1234 836; x_wconf 87' lang='lat' dir='ltr'><strong>nobis,</strong></span> <span class='ocrx_word' id='word_1_16' title='bbox 1304 760 1396 835; x_wconf 90' lang='lat' dir='ltr'><strong>ut,</strong></span> <span class='ocrx_word' id='word_1_17' title='bbox 1458 757 1512 821; x_wconf 91' lang='lat' dir='ltr'><strong>si</strong></span> <span class='ocrx_word' id='word_1_18' title='bbox 1568 755 1761 822; x_wconf 88' lang='lat' dir='ltr'><strong>habet</strong></span> <span class='ocrx_word' id='word_1_19' title='bbox 1816 758 2022 839; x_wconf 87' lang='lat' dir='ltr'><strong>partes</strong></span> <span class='ocrx_word' id='word_1_20' title='bbox 2072 757 2336 837; x_wconf 83' lang='lat' dir='ltr'><strong>animus,</strong></span> <span class='ocrx_word' id='word_1_21' title='bbox 2382 760 2582 825; x_wconf 86' lang='lat' dir='ltr'><strong>secari</strong></span> 
     </span>
     <span class='ocr_line' id='line_1_4' title="bbox 299 859 2581 945; baseline 0.002 -22"><span class='ocrx_word' id='word_1_22' title='bbox 299 860 518 941; x_wconf 70' lang='lat' dir='ltr'><strong>possit</strong></span> <span class='ocrx_word' id='word_1_23' title='bbox 562 861 629 924; x_wconf 91' lang='lat' dir='ltr'><strong>in</strong></span> <span class='ocrx_word' id='word_1_24' title='bbox 673 860 897 942; x_wconf 87' lang='lat' dir='ltr'><strong>partes.</strong></span> <span class='ocrx_word' id='word_1_25' title='bbox 972 860 1374 925; x_wconf 86' lang='lat' dir='ltr'><strong>aduertamus</strong></span> <span class='ocrx_word' id='word_1_26' title='bbox 1407 877 1554 941; x_wconf 85' lang='lat' dir='ltr'><strong>ergo</strong></span> <span class='ocrx_word' id='word_1_27' title='bbox 1603 860 1833 936; x_wconf 85' lang='lat' dir='ltr'><strong>animo,</strong></span> <span class='ocrx_word' id='word_1_28' title='bbox 1888 859 2052 941; x_wconf 89' lang='lat' dir='ltr'><strong>quod</strong></span> <span class='ocrx_word' id='word_1_29' title='bbox 2081 861 2327 927; x_wconf 90' lang='lat' dir='ltr'><strong>nullum</strong></span> <span class='ocrx_word' id='word_1_30' title='bbox 2359 879 2581 945; x_wconf 84' lang='lat' dir='ltr'><strong>eorpus</strong></span> 
     </span>
     <span class='ocr_line' id='line_1_5' title="bbox 320 961 2581 1047; baseline 0.003 -20"><span class='ocrx_word' id='word_1_31' title='bbox 320 966 430 1027; x_wconf 90' lang='lat' dir='ltr'><strong>aut</strong></span> <span class='ocrx_word' id='word_1_32' title='bbox 489 965 668 1045; x_wconf 84' lang='lat' dir='ltr'><strong>tangi</strong></span> <span class='ocrx_word' id='word_1_33' title='bbox 723 962 915 1027; x_wconf 91' lang='lat' dir='ltr'><strong>simul</strong></span> <span class='ocrx_word' id='word_1_34' title='bbox 973 966 1178 1027; x_wconf 88' lang='lat' dir='ltr'><strong>totum</strong></span> <span class='ocrx_word' id='word_1_35' title='bbox 1237 963 1350 1027; x_wconf 88' lang='lat' dir='ltr'><strong>aut</strong></span> <span class='ocrx_word' id='word_1_36' title='bbox 1403 961 1594 1026; x_wconf 90' lang='lat' dir='ltr'><strong>simul</strong></span> <span class='ocrx_word' id='word_1_37' title='bbox 1648 964 1906 1047; x_wconf 87' lang='lat' dir='ltr'><strong>tangere</strong></span> <span class='ocrx_word' id='word_1_38' title='bbox 1963 964 2167 1029; x_wconf 85' lang='lat' dir='ltr'><strong>totum</strong></span> <span class='ocrx_word' id='word_1_39' title='bbox 2227 967 2453 1047; x_wconf 85' lang='lat' dir='ltr'><strong>potest,</strong></span> <span class='ocrx_word' id='word_1_40' title='bbox 2512 970 2581 1033; x_wconf 91' lang='lat' dir='ltr'><strong>et</strong></span> 
     </span>
     <span class='ocr_line' id='line_1_6' title="bbox 272 1066 2578 1151; baseline 0.003 -22"><span class='ocrx_word' id='word_1_41' title='bbox 272 1090 301 1129; x_wconf 81' lang='lat'>5</span> <span class='ocrx_word' id='word_1_42' title='bbox 321 1066 530 1131; x_wconf 89' lang='lat' dir='ltr'><strong>anima</strong></span> <span class='ocrx_word' id='word_1_43' title='bbox 560 1068 627 1131; x_wconf 91' lang='lat' dir='ltr'><strong>in</strong></span> <span class='ocrx_word' id='word_1_44' title='bbox 651 1067 778 1131; x_wconf 87' lang='lat' dir='ltr'><strong>suis</strong></span> <span class='ocrx_word' id='word_1_45' title='bbox 806 1066 1155 1149; x_wconf 79' lang='lat' dir='ltr'><strong>quibusque</strong></span> <span class='ocrx_word' id='word_1_46' title='bbox 1182 1066 1455 1131; x_wconf 87' lang='lat' dir='ltr'><strong>motibus</strong></span> <span class='ocrx_word' id='word_1_47' title='bbox 1477 1068 1577 1130; x_wconf 89' lang='lat' dir='ltr'><strong>uel</strong></span> <span class='ocrx_word' id='word_1_48' title='bbox 1606 1066 1853 1131; x_wconf 80' lang='lat' dir='ltr'><strong>actibus</strong></span> <span class='ocrx_word' id='word_1_49' title='bbox 1877 1066 2010 1131; x_wconf 87' lang='lat' dir='ltr'><strong>tota</strong></span> <span class='ocrx_word' id='word_1_50' title='bbox 2034 1069 2221 1133; x_wconf 87' lang='lat' dir='ltr'><strong>simul</strong></span> <span class='ocrx_word' id='word_1_51' title='bbox 2246 1070 2359 1135; x_wconf 85' lang='lat' dir='ltr'><strong>est.</strong></span> <span class='ocrx_word' id='word_1_52' title='bbox 2406 1082 2578 1151; x_wconf 66' lang='lat' dir='ltr'><strong>natm,</strong></span> 
     </span>
     <span class='ocr_line' id='line_1_7' title="bbox 318 1168 2581 1253; baseline 0.004 -21"><span class='ocrx_word' id='word_1_53' title='bbox 318 1169 392 1233; x_wconf 91' lang='lat' dir='ltr'><strong>ut</strong></span> <span class='ocrx_word' id='word_1_54' title='bbox 455 1187 643 1251; x_wconf 86' lang='lat' dir='ltr'><strong>supra</strong></span> <span class='ocrx_word' id='word_1_55' title='bbox 708 1168 1196 1253; x_wconf 79' lang='lat' dir='ltr'><strong>disputauimuS‚</strong></span> <span class='ocrx_word' id='word_1_56' title='bbox 1279 1187 1458 1233; x_wconf 92' lang='lat' dir='ltr'><strong>omne</strong></span> <span class='ocrx_word' id='word_1_57' title='bbox 1527 1188 1751 1251; x_wconf 80' lang='lat' dir='ltr'><strong>eorpus</strong></span> <span class='ocrx_word' id='word_1_58' title='bbox 1819 1170 2170 1252; x_wconf 78' lang='lat' dir='ltr'><strong>quamlibet</strong></span> <span class='ocrx_word' id='word_1_59' title='bbox 2235 1175 2581 1239; x_wconf 89' lang='lat' dir='ltr'><strong>maximum</strong></span> 
     </span>
     <span class='ocr_line' id='line_1_8' title="bbox 320 1271 2578 1355; baseline 0.003 -20"><span class='ocrx_word' id='word_1_60' title='bbox 320 1272 664 1353; x_wconf 77' lang='lat' dir='ltr'><strong>quamlibet</strong></span> <span class='ocrx_word' id='word_1_61' title='bbox 723 1271 1057 1336; x_wconf 90' lang='lat' dir='ltr'><strong>minimum</strong></span> <span class='ocrx_word' id='word_1_62' title='bbox 1109 1271 1300 1337; x_wconf 84' lang='lat' dir='ltr'><strong>habet</strong></span> <span class='ocrx_word' id='word_1_63' title='bbox 1367 1272 1824 1355; x_wconf 74' lang='lat' dir='ltr'><strong>longitudinem</strong></span> <span class='ocrx_word' id='word_1_64' title='bbox 1868 1273 2275 1340; x_wconf 89' lang='lat' dir='ltr'><strong>latitudinem</strong></span> <span class='ocrx_word' id='word_1_65' title='bbox 2321 1281 2383 1341; x_wconf 92' lang='lat' dir='ltr'><strong>et</strong></span> <span class='ocrx_word' id='word_1_66' title='bbox 2430 1278 2578 1342; x_wconf 90' lang='lat' dir='ltr'><strong>alti-</strong></span> 
     </span>
     <span class='ocr_line' id='line_1_9' title="bbox 319 1374 2576 1463; baseline 0.004 -24"><span class='ocrx_word' id='word_1_67' title='bbox 319 1376 624 1440; x_wconf 80' lang='lat' dir='ltr'><strong>tudinem.</strong></span> <span class='ocrx_word' id='word_1_68' title='bbox 697 1374 986 1439; x_wconf 83' lang='lat' dir='ltr'><strong>subiaeet</strong></span> <span class='ocrx_word' id='word_1_69' title='bbox 1050 1375 1260 1439; x_wconf 88' lang='lat' dir='ltr'><strong>autem</strong></span> <span class='ocrx_word' id='word_1_70' title='bbox 1327 1392 1438 1456; x_wconf 91' lang='lat' dir='ltr'><strong>pro</strong></span> <span class='ocrx_word' id='word_1_71' title='bbox 1505 1393 1765 1441; x_wconf 90' lang='lat' dir='ltr'><strong>numero</strong></span> <span class='ocrx_word' id='word_1_72' title='bbox 1832 1377 2110 1458; x_wconf 83' lang='lat' dir='ltr'><strong>partium</strong></span> <span class='ocrx_word' id='word_1_73' title='bbox 2184 1397 2292 1445; x_wconf 84' lang='lat' dir='ltr'><strong>sex</strong></span> <span class='ocrx_word' id='word_1_74' title='bbox 2358 1380 2576 1463; x_wconf 89' lang='lat' dir='ltr'><strong>utique</strong></span> 
     </span>
     <span class='ocr_line' id='line_1_10' title="bbox 319 1477 2579 1563; baseline 0.002 -20"><span class='ocrx_word' id='word_1_75' title='bbox 319 1477 617 1543; x_wconf 86' lang='lat' dir='ltr'><strong>motibus.</strong></span> <span class='ocrx_word' id='word_1_76' title='bbox 687 1480 976 1542; x_wconf 88' lang='lat' dir='ltr'><strong>mouetur</strong></span> <span class='ocrx_word' id='word_1_77' title='bbox 1033 1481 1246 1542; x_wconf 88' lang='lat' dir='ltr'><strong>autem</strong></span> <span class='ocrx_word' id='word_1_78' title='bbox 1303 1494 1486 1542; x_wconf 89' lang='lat' dir='ltr'><strong>omne</strong></span> <span class='ocrx_word' id='word_1_79' title='bbox 1543 1496 1765 1560; x_wconf 84' lang='lat' dir='ltr'><strong>eorpus</strong></span> <span class='ocrx_word' id='word_1_80' title='bbox 1822 1497 2068 1545; x_wconf 90' lang='lat' dir='ltr'><strong>sursum</strong></span> <span class='ocrx_word' id='word_1_81' title='bbox 2137 1482 2443 1563; x_wconf 89' lang='lat' dir='ltr'><strong>deorsum,</strong></span> <span class='ocrx_word' id='word_1_82' title='bbox 2510 1484 2579 1547; x_wconf 91' lang='lat' dir='ltr'><strong>in</strong></span> 
     </span>
     <span class='ocr_line' id='line_1_11' title="bbox 249 1579 2577 1663; baseline 0.005 -20"><span class='ocrx_word' id='word_1_83' title='bbox 249 1605 304 1643; x_wconf 65' lang='grc' dir='ltr'><strong>,ιο</strong></span> <span class='ocrx_word' id='word_1_84' title='bbox 321 1581 606 1646; x_wconf 81' lang='lat' dir='ltr'><strong>dextrum</strong></span> <span class='ocrx_word' id='word_1_85' title='bbox 665 1599 740 1645; x_wconf 81' lang='lat' dir='ltr'><strong>ao</strong></span> <span class='ocrx_word' id='word_1_86' title='bbox 793 1579 1142 1659; x_wconf 83' lang='lat' dir='ltr'><strong>sinistrum,</strong></span> <span class='ocrx_word' id='word_1_87' title='bbox 1200 1582 1472 1663; x_wconf 87' lang='lat' dir='ltr'><strong>priorsus</strong></span> <span class='ocrx_word' id='word_1_88' title='bbox 1518 1584 1581 1647; x_wconf 92' lang='lat' dir='ltr'><strong>et</strong></span> <span class='ocrx_word' id='word_1_89' title='bbox 1626 1582 1961 1649; x_wconf 71' lang='lat' dir='ltr'><strong>retrorsus,</strong></span> <span class='ocrx_word' id='word_1_90' title='bbox 2036 1589 2324 1651; x_wconf 83' lang='lat' dir='ltr'><strong>mouetur</strong></span> <span class='ocrx_word' id='word_1_91' title='bbox 2367 1592 2577 1654; x_wconf 86' lang='lat' dir='ltr'><strong>autem</strong></span> 
     </span>
     <span class='ocr_line' id='line_1_12' title="bbox 321 1684 2576 1774; baseline 0.003 -25"><span class='ocrx_word' id='word_1_92' title='bbox 321 1685 512 1749; x_wconf 89' lang='lat' dir='ltr'><strong>etiam</strong></span> <span class='ocrx_word' id='word_1_93' title='bbox 571 1688 749 1749; x_wconf 91' lang='lat' dir='ltr'><strong>motu</strong></span> <span class='ocrx_word' id='word_1_94' title='bbox 804 1685 1088 1765; x_wconf 86' lang='lat' dir='ltr'><strong>septime,</strong></span> <span class='ocrx_word' id='word_1_95' title='bbox 1149 1684 1314 1749; x_wconf 86' lang='lat' dir='ltr'><strong>sicut</strong></span> <span class='ocrx_word' id='word_1_96' title='bbox 1357 1686 1452 1749; x_wconf 89' lang='lat' dir='ltr'><strong>est</strong></span> <span class='ocrx_word' id='word_1_97' title='bbox 1495 1686 1665 1751; x_wconf 88' lang='lat' dir='ltr'><strong>rotae</strong></span> <span class='ocrx_word' id='word_1_98' title='bbox 1710 1688 1775 1751; x_wconf 90' lang='lat' dir='ltr'><strong>et</strong></span> <span class='ocrx_word' id='word_1_99' title='bbox 1818 1687 2224 1772; x_wconf 87' lang='lat' dir='ltr'><strong>sphaeroidis‚</strong></span> <span class='ocrx_word' id='word_1_100' title='bbox 2284 1691 2391 1771; x_wconf 90' lang='lat' dir='ltr'><strong>qui</strong></span> <span class='ocrx_word' id='word_1_101' title='bbox 2435 1711 2576 1774; x_wconf 92' lang='lat' dir='ltr'><strong>per-</strong></span> 
     </span>
     <span class='ocr_line' id='line_1_13' title="bbox 317 1776 2580 1873; baseline 0.004 -22"><span class='ocrx_word' id='word_1_102' title='bbox 317 1787 521 1852; x_wconf 80' lang='lat' dir='ltr'><strong>fectus</strong></span> <span class='ocrx_word' id='word_1_103' title='bbox 547 1776 776 1852; x_wconf 66' lang='lat' dir='ltr'><strong>⁴motus</strong></span> <span class='ocrx_word' id='word_1_104' title='bbox 819 1789 897 1853; x_wconf 88' lang='lat' dir='ltr'><strong>ad</strong></span> <span class='ocrx_word' id='word_1_105' title='bbox 949 1788 1338 1854; x_wconf 87' lang='lat' dir='ltr'><strong>aeternitatis</strong></span> <span class='ocrx_word' id='word_1_106' title='bbox 1383 1788 1685 1854; x_wconf 79' lang='lat' dir='ltr'><strong>indicium</strong></span> <span class='ocrx_word' id='word_1_107' title='bbox 1730 1809 1767 1855; x_wconf 91' lang='lat' dir='ltr'><strong>a</strong></span> <span class='ocrx_word' id='word_1_108' title='bbox 1812 1808 1878 1855; x_wconf 90' lang='lat' dir='ltr'><strong>se</strong></span> <span class='ocrx_word' id='word_1_109' title='bbox 1924 1793 1983 1854; x_wconf 84' lang='lat' dir='ltr'><strong>et</strong></span> <span class='ocrx_word' id='word_1_110' title='bbox 2029 1810 2139 1873; x_wconf 90' lang='lat' dir='ltr'><strong>per</strong></span> <span class='ocrx_word' id='word_1_111' title='bbox 2183 1810 2248 1857; x_wconf 88' lang='lat' dir='ltr'><strong>se</strong></span> <span class='ocrx_word' id='word_1_112' title='bbox 2292 1796 2357 1859; x_wconf 93' lang='lat' dir='ltr'><strong>et</strong></span> <span class='ocrx_word' id='word_1_113' title='bbox 2400 1794 2466 1859; x_wconf 90' lang='lat' dir='ltr'><strong>in</strong></span> <span class='ocrx_word' id='word_1_114' title='bbox 2512 1814 2580 1859; x_wconf 91' lang='lat' dir='ltr'><strong>se</strong></span> 
     </span>
     <span class='ocr_line' id='line_1_14' title="bbox 318 1890 2578 1979; baseline 0.004 -26"><span class='ocrx_word' id='word_1_115' title='bbox 318 1890 660 1975; x_wconf 85' lang='lat' dir='ltr'><strong>peragitur.</strong></span> <span class='ocrx_word' id='word_1_116' title='bbox 736 1910 915 1955; x_wconf 90' lang='lat' dir='ltr'><strong>omne</strong></span> <span class='ocrx_word' id='word_1_117' title='bbox 958 1890 1159 1976; x_wconf 86' lang='lat' dir='ltr'><strong>igitur</strong></span> <span class='ocrx_word' id='word_1_118' title='bbox 1201 1910 1438 1973; x_wconf 84' lang='lat' dir='ltr'><strong>corpus,</strong></span> <span class='ocrx_word' id='word_1_119' title='bbox 1485 1894 1560 1957; x_wconf 90' lang='lat' dir='ltr'><strong>ut</strong></span> <span class='ocrx_word' id='word_1_120' title='bbox 1606 1893 1894 1972; x_wconf 78' lang='lat' dir='ltr'><strong>diximuS‚</strong></span> <span class='ocrx_word' id='word_1_121' title='bbox 1941 1912 2048 1959; x_wconf 85' lang='lat' dir='ltr'><strong>sex</strong></span> <span class='ocrx_word' id='word_1_122' title='bbox 2091 1896 2297 1977; x_wconf 87' lang='lat' dir='ltr'><strong>partes</strong></span> <span class='ocrx_word' id='word_1_123' title='bbox 2326 1897 2578 1979; x_wconf 78' lang='lat' dir='ltr'><strong>habene,</strong></span> 
     </span>
     <span class='ocr_line' id='line_1_15' title="bbox 319 1994 2582 2079; baseline 0.004 -21"><span class='ocrx_word' id='word_1_124' title='bbox 319 2012 424 2059; x_wconf 85' lang='lat' dir='ltr'><strong>sex</strong></span> <span class='ocrx_word' id='word_1_125' title='bbox 467 1995 744 2059; x_wconf 89' lang='lat' dir='ltr'><strong>motibus</strong></span> <span class='ocrx_word' id='word_1_126' title='bbox 811 1994 1138 2060; x_wconf 82' lang='lat' dir='ltr'><strong>subiacens</strong></span> <span class='ocrx_word' id='word_1_127' title='bbox 1194 1994 1384 2060; x_wconf 90' lang='lat' dir='ltr'><strong>habet</strong></span> <span class='ocrx_word' id='word_1_128' title='bbox 1440 1998 1660 2078; x_wconf 89' lang='lat' dir='ltr'><strong>utique</strong></span> <span class='ocrx_word' id='word_1_129' title='bbox 1705 2016 1817 2079; x_wconf 92' lang='lat' dir='ltr'><strong>pro</strong></span> <span class='ocrx_word' id='word_1_130' title='bbox 1862 1998 2271 2065; x_wconf 83' lang='lat' dir='ltr'><strong>crassitudine</strong></span> <span class='ocrx_word' id='word_1_131' title='bbox 2316 2002 2412 2066; x_wconf 89' lang='lat' dir='ltr'><strong>sui</strong></span> <span class='ocrx_word' id='word_1_132' title='bbox 2458 2002 2582 2067; x_wconf 91' lang='lat' dir='ltr'><strong>ali·</strong></span> 
     </span>
     <span class='ocr_line' id='line_1_16' title="bbox 245 2098 2579 2185; baseline 0.004 -26"><span class='ocrx_word' id='word_1_133' title='bbox 245 2119 301 2159; x_wconf 67' lang='grc' dir='ltr'><strong>ιε</strong></span> <span class='ocrx_word' id='word_1_134' title='bbox 320 2098 469 2179; x_wconf 90' lang='lat' dir='ltr'><strong>quid</strong></span> <span class='ocrx_word' id='word_1_135' title='bbox 514 2098 704 2163; x_wconf 90' lang='lat' dir='ltr'><strong>etiam</strong></span> <span class='ocrx_word' id='word_1_136' title='bbox 755 2100 1050 2165; x_wconf 90' lang='lat' dir='ltr'><strong>medium.</strong></span> <span class='ocrx_word' id='word_1_137' title='bbox 1127 2100 1428 2165; x_wconf 85' lang='lat' dir='ltr'><strong>exteriora</strong></span> <span class='ocrx_word' id='word_1_138' title='bbox 1471 2119 1737 2184; x_wconf 87' lang='lat' dir='ltr'><strong>namque</strong></span> <span class='ocrx_word' id='word_1_139' title='bbox 1794 2104 1859 2167; x_wconf 91' lang='lat' dir='ltr'><strong>in</strong></span> <span class='ocrx_word' id='word_1_140' title='bbox 1906 2103 2264 2185; x_wconf 79' lang='lat' dir='ltr'><strong>corporibus</strong></span> <span class='ocrx_word' id='word_1_141' title='bbox 2323 2105 2579 2171; x_wconf 88' lang='lat' dir='ltr'><strong>omnino</strong></span> 
     </span>
     <span class='ocr_line' id='line_1_17' title="bbox 318 2200 2578 2293; baseline 0.004 -28"><span class='ocrx_word' id='word_1_142' title='bbox 318 2200 494 2266; x_wconf 87' lang='lat' dir='ltr'><strong>nulla</strong></span> <span class='ocrx_word' id='word_1_143' title='bbox 551 2204 775 2281; x_wconf 84' lang='lat' dir='ltr'><strong>essent,</strong></span> <span class='ocrx_word' id='word_1_144' title='bbox 835 2202 891 2267; x_wconf 90' lang='lat' dir='ltr'><strong>si</strong></span> <span class='ocrx_word' id='word_1_145' title='bbox 950 2204 1201 2268; x_wconf 87' lang='lat' dir='ltr'><strong>interna</strong></span> <span class='ocrx_word' id='word_1_146' title='bbox 1254 2221 1496 2285; x_wconf 91' lang='lat' dir='ltr'><strong>quoque</strong></span> <span class='ocrx_word' id='word_1_147' title='bbox 1557 2222 1682 2269; x_wconf 91' lang='lat' dir='ltr'><strong>non</strong></span> <span class='ocrx_word' id='word_1_148' title='bbox 1738 2209 1969 2271; x_wconf 84' lang='lat' dir='ltr'><strong>essent.</strong></span> <span class='ocrx_word' id='word_1_149' title='bbox 2046 2207 2368 2287; x_wconf 87' lang='lat' dir='ltr'><strong>quodlibet</strong></span> <span class='ocrx_word' id='word_1_150' title='bbox 2434 2226 2578 2293; x_wconf 86' lang='lat' dir='ltr'><strong>ergo</strong></span> 
     </span>
    </p>
   </div>
   <div class='ocr_carea' id='block_1_3' title="bbox 319 2307 2693 2392">
    <p class='ocr_par' dir='ltr' id='par_1_3' title="bbox 319 2307 2693 2392">
     <span class='ocr_line' id='line_1_18' title="bbox 319 2307 2693 2392; baseline 0.005 -23"><span class='ocrx_word' id='word_1_151' title='bbox 319 2323 542 2389; x_wconf 77' lang='lat' dir='ltr'><strong>eorpus</strong></span> <span class='ocrx_word' id='word_1_152' title='bbox 596 2308 842 2373; x_wconf 89' lang='lat' dir='ltr'><strong>etiamsi</strong></span> <span class='ocrx_word' id='word_1_153' title='bbox 899 2307 1182 2373; x_wconf 82' lang='lat' dir='ltr'><strong>clausum</strong></span> <span class='ocrx_word' id='word_1_154' title='bbox 1239 2326 1429 2371; x_wconf 90' lang='lat' dir='ltr'><strong>manu</strong></span> <span class='ocrx_word' id='word_1_155' title='bbox 1476 2308 1544 2372; x_wconf 88' lang='lat' dir='ltr'><strong>in</strong></span> <span class='ocrx_word' id='word_1_156' title='bbox 1591 2307 2001 2373; x_wconf 82' lang='lat' dir='ltr'><strong>exterioribus</strong></span> <span class='ocrx_word' id='word_1_157' title='bbox 2046 2310 2175 2375; x_wconf 90' lang='lat' dir='ltr'><strong>suis</strong></span> <span class='ocrx_word' id='word_1_158' title='bbox 2220 2329 2329 2392; x_wconf 92' lang='lat' dir='ltr'><strong>per</strong></span> <span class='ocrx_word' id='word_1_159' title='bbox 2373 2311 2579 2375; x_wconf 88' lang='lat' dir='ltr'><strong>totum</strong></span> <span class='ocrx_word' id='word_1_160' title='bbox 2688 2370 2693 2381; x_wconf 86' lang='lat'><strong>.</strong></span> 
     </span>
    </p>
   </div>
   <div class='ocr_carea' id='block_1_4' title="bbox 246 2409 2581 3014">
    <p class='ocr_par' dir='ltr' id='par_1_4' title="bbox 246 2409 2581 3014">
     <span class='ocr_line' id='line_1_19' title="bbox 318 2409 2579 2495; baseline 0.002 -22"><span class='ocrx_word' id='word_1_161' title='bbox 318 2409 630 2494; x_wconf 81' lang='lat' dir='ltr'><strong>tangatur,</strong></span> <span class='ocrx_word' id='word_1_162' title='bbox 678 2412 742 2475; x_wconf 84' lang='lat' dir='ltr'><strong>iu</strong></span> <span class='ocrx_word' id='word_1_163' title='bbox 787 2410 1196 2475; x_wconf 86' lang='lat' dir='ltr'><strong>interioribus</strong></span> <span class='ocrx_word' id='word_1_164' title='bbox 1241 2412 1406 2475; x_wconf 80' lang='lat' dir='ltr'><strong>certe</strong></span> <span class='ocrx_word' id='word_1_165' title='bbox 1451 2428 1572 2475; x_wconf 92' lang='lat' dir='ltr'><strong>non</strong></span> <span class='ocrx_word' id='word_1_166' title='bbox 1626 2412 1924 2493; x_wconf 85' lang='lat' dir='ltr'><strong>tangitur.</strong></span> <span class='ocrx_word' id='word_1_167' title='bbox 2001 2412 2149 2477; x_wconf 85' lang='lat' dir='ltr'><strong>hinc</strong></span> <span class='ocrx_word' id='word_1_168' title='bbox 2193 2416 2371 2495; x_wconf 87' lang='lat' dir='ltr'><strong>patet</strong></span> <span class='ocrx_word' id='word_1_169' title='bbox 2401 2431 2579 2478; x_wconf 91' lang='lat' dir='ltr'><strong>omne</strong></span> 
     </span>
     <span class='ocr_line' id='line_1_20' title="bbox 321 2514 2578 2598; baseline 0.002 -19"><span class='ocrx_word' id='word_1_170' title='bbox 321 2531 542 2596; x_wconf 84' lang='lat' dir='ltr'><strong>eorpus</strong></span> <span class='ocrx_word' id='word_1_171' title='bbox 610 2517 816 2581; x_wconf 84' lang='lat' dir='ltr'><strong>totum</strong></span> <span class='ocrx_word' id='word_1_172' title='bbox 882 2514 1074 2580; x_wconf 88' lang='lat' dir='ltr'><strong>simul</strong></span> <span class='ocrx_word' id='word_1_173' title='bbox 1130 2515 1306 2598; x_wconf 86' lang='lat' dir='ltr'><strong>tangi</strong></span> <span class='ocrx_word' id='word_1_174' title='bbox 1367 2533 1490 2578; x_wconf 87' lang='lat' dir='ltr'><strong>non</strong></span> <span class='ocrx_word' id='word_1_175' title='bbox 1545 2533 1747 2597; x_wconf 84' lang='lat' dir='ltr'><strong>posse,</strong></span> <span class='ocrx_word' id='word_1_176' title='bbox 1808 2534 1922 2580; x_wconf 85' lang='lat' dir='ltr'><strong>nee</strong></span> <span class='ocrx_word' id='word_1_177' title='bbox 1977 2533 2101 2580; x_wconf 89' lang='lat' dir='ltr'><strong>uno</strong></span> <span class='ocrx_word' id='word_1_178' title='bbox 2154 2514 2222 2581; x_wconf 89' lang='lat' dir='ltr'><strong>in</strong></span> <span class='ocrx_word' id='word_1_179' title='bbox 2266 2516 2400 2583; x_wconf 84' lang='lat' dir='ltr'><strong>loeo</strong></span> <span class='ocrx_word' id='word_1_180' title='bbox 2448 2537 2578 2583; x_wconf 87' lang='lat' dir='ltr'><strong>esse</strong></span> 
     </span>
     <span class='ocr_line' id='line_1_21' title="bbox 246 2617 2580 2702; baseline 0.005 -28"><span class='ocrx_word' id='word_1_181' title='bbox 246 2636 301 2675; x_wconf 71' lang='lat'><strong>20</strong></span> <span class='ocrx_word' id='word_1_182' title='bbox 322 2617 666 2698; x_wconf 86' lang='lat' dir='ltr'><strong>quamlibet</strong></span> <span class='ocrx_word' id='word_1_183' title='bbox 725 2618 1060 2682; x_wconf 91' lang='lat' dir='ltr'><strong>minimum</strong></span> <span class='ocrx_word' id='word_1_184' title='bbox 1118 2622 1323 2684; x_wconf 87' lang='lat' dir='ltr'><strong>totum</strong></span> <span class='ocrx_word' id='word_1_185' title='bbox 1380 2635 1576 2700; x_wconf 88' lang='lat' dir='ltr'><strong>posse,</strong></span> <span class='ocrx_word' id='word_1_186' title='bbox 1634 2622 1706 2683; x_wconf 88' lang='lat' dir='ltr'><strong>ut</strong></span> <span class='ocrx_word' id='word_1_187' title='bbox 1748 2621 1903 2700; x_wconf 90' lang='lat' dir='ltr'><strong>puta</strong></span> <span class='ocrx_word' id='word_1_188' title='bbox 1947 2636 2209 2700; x_wconf 89' lang='lat' dir='ltr'><strong>granum</strong></span> <span class='ocrx_word' id='word_1_189' title='bbox 2252 2622 2580 2702; x_wconf 85' lang='lat' dir='ltr'><strong>papaueris</strong></span> 
     </span>
     <span class='ocr_line' id='line_1_22' title="bbox 322 2720 2581 2804; baseline 0.001 -20"><span class='ocrx_word' id='word_1_190' title='bbox 322 2723 432 2784; x_wconf 85' lang='lat' dir='ltr'><strong>aut</strong></span> <span class='ocrx_word' id='word_1_191' title='bbox 477 2720 822 2803; x_wconf 84' lang='lat' dir='ltr'><strong>quotalibet</strong></span> <span class='ocrx_word' id='word_1_192' title='bbox 865 2739 1008 2804; x_wconf 86' lang='lat' dir='ltr'><strong>pars</strong></span> <span class='ocrx_word' id='word_1_193' title='bbox 1050 2720 1233 2804; x_wconf 89' lang='lat' dir='ltr'><strong>grani</strong></span> <span class='ocrx_word' id='word_1_194' title='bbox 1279 2722 1474 2804; x_wconf 89' lang='lat' dir='ltr'><strong>ipsius</strong></span> <span class='ocrx_word' id='word_1_195' title='bbox 1519 2723 1685 2804; x_wconf 90' lang='lat' dir='ltr'><strong>quod</strong></span> <span class='ocrx_word' id='word_1_196' title='bbox 1728 2721 1862 2792; x_wconf 84' lang='lat' dir='ltr'><strong>illie</strong></span> <span class='ocrx_word' id='word_1_197' title='bbox 1906 2740 2029 2785; x_wconf 91' lang='lat' dir='ltr'><strong>non</strong></span> <span class='ocrx_word' id='word_1_198' title='bbox 2065 2723 2252 2789; x_wconf 87' lang='lat' dir='ltr'><strong>habet</strong></span> <span class='ocrx_word' id='word_1_199' title='bbox 2282 2723 2581 2789; x_wconf 86' lang='lat' dir='ltr'><strong>inferiora</strong></span> 
     </span>
     <span class='ocr_line' id='line_1_23' title="bbox 320 2824 2581 2906; baseline 0.003 -20"><span class='ocrx_word' id='word_1_200' title='bbox 320 2837 432 2887; x_wconf 90' lang='lat' dir='ltr'><strong>sua</strong></span> <span class='ocrx_word' id='word_1_201' title='bbox 485 2824 593 2888; x_wconf 89' lang='lat' dir='ltr'><strong>ubi</strong></span> <span class='ocrx_word' id='word_1_202' title='bbox 638 2825 973 2906; x_wconf 87' lang='lat' dir='ltr'><strong>superiora,</strong></span> <span class='ocrx_word' id='word_1_203' title='bbox 1034 2842 1150 2889; x_wconf 82' lang='lat' dir='ltr'><strong>neo</strong></span> <span class='ocrx_word' id='word_1_204' title='bbox 1193 2824 1327 2889; x_wconf 84' lang='lat' dir='ltr'><strong>illie</strong></span> <span class='ocrx_word' id='word_1_205' title='bbox 1371 2825 1590 2889; x_wconf 84' lang='lat' dir='ltr'><strong>dextra</strong></span> <span class='ocrx_word' id='word_1_206' title='bbox 1632 2825 1743 2889; x_wconf 91' lang='lat' dir='ltr'><strong>ubi</strong></span> <span class='ocrx_word' id='word_1_207' title='bbox 1786 2824 2063 2902; x_wconf 89' lang='lat' dir='ltr'><strong>sinistra,</strong></span> <span class='ocrx_word' id='word_1_208' title='bbox 2116 2845 2229 2891; x_wconf 87' lang='lat' dir='ltr'><strong>nec</strong></span> <span class='ocrx_word' id='word_1_209' title='bbox 2272 2829 2581 2892; x_wconf 88' lang='lat' dir='ltr'><strong>anteriora</strong></span> 
     </span>
     <span class='ocr_line' id='line_1_24' title="bbox 320 2925 2577 3014; baseline 0.002 -25"><span class='ocrx_word' id='word_1_210' title='bbox 320 2925 457 2993; x_wconf 83' lang='lat' dir='ltr'><strong>illie</strong></span> <span class='ocrx_word' id='word_1_211' title='bbox 512 2927 621 2995; x_wconf 93' lang='lat' dir='ltr'><strong>ubi</strong></span> <span class='ocrx_word' id='word_1_212' title='bbox 684 2929 1022 3012; x_wconf 74' lang='lat' dir='ltr'><strong>posteriora</strong></span> <span class='ocrx_word' id='word_1_213' title='bbox 1069 2928 1311 2993; x_wconf 83' lang='lat' dir='ltr'><strong>eertum</strong></span> <span class='ocrx_word' id='word_1_214' title='bbox 1357 2932 1470 2994; x_wconf 87' lang='lat' dir='ltr'><strong>est.</strong></span> <span class='ocrx_word' id='word_1_215' title='bbox 1549 2927 1764 2994; x_wconf 84' lang='lat' dir='ltr'><strong>anima</strong></span> <span class='ocrx_word' id='word_1_216' title='bbox 1810 2946 1956 2993; x_wconf 87' lang='lat' dir='ltr'><strong>uero</strong></span> <span class='ocrx_word' id='word_1_217' title='bbox 2004 2929 2070 2993; x_wconf 95' lang='lat' dir='ltr'><strong>et</strong></span> <span class='ocrx_word' id='word_1_218' title='bbox 2111 2931 2245 2994; x_wconf 89' lang='lat' dir='ltr'><strong>tota</strong></span> <span class='ocrx_word' id='word_1_219' title='bbox 2288 2950 2401 3014; x_wconf 92' lang='lat' dir='ltr'><strong>per</strong></span> <span class='ocrx_word' id='word_1_220' title='bbox 2444 2949 2577 2994; x_wconf 84' lang='lat' dir='ltr'><strong>cor—</strong></span> 
     </span>
    </p>
   </div>
   <div class='ocr_carea' id='block_1_5' title="bbox 319 3148 2582 3682">
    <p class='ocr_par' dir='ltr' id='par_1_5' title="bbox 319 3148 2582 3682">
     <span class='ocr_line' id='line_1_25' title="bbox 427 3148 2579 3252; baseline -0.002 -12"><span class='ocrx_word' id='word_1_221' title='bbox 427 3186 453 3240; x_wconf 91' lang='lat'>1</span> <span class='ocrx_word' id='word_1_222' title='bbox 502 3183 804 3237; x_wconf 86' lang='lat' dir='ltr'><strong>uidebimus</strong></span> <span class='ocrx_word' id='word_1_223' title='bbox 851 3183 1084 3238; x_wconf 82' lang='lat' dir='ltr'><strong><em>ABDF</em></strong></span> <span class='ocrx_word' id='word_1_224' title='bbox 1281 3183 1560 3236; x_wconf 86' lang='lat' dir='ltr'><strong>uideamus</strong></span> <span class='ocrx_word' id='word_1_225' title='bbox 1585 3183 1653 3236; x_wconf 83' lang='lat' dir='ltr'><strong>llll</strong></span> <span class='ocrx_word' id='word_1_226' title='bbox 1678 3183 1914 3252; x_wconf 86' lang='lat' dir='ltr'><strong>primum</strong></span> <span class='ocrx_word' id='word_1_227' title='bbox 1950 3184 2007 3238; x_wconf 84' lang='lat' dir='ltr'><em>R</em></span> <span class='ocrx_word' id='word_1_228' title='bbox 2214 3148 2579 3236; x_wconf 60' lang='lat' dir='ltr'><strong>E‘koutiendam</strong></span> 
     </span>
     <span class='ocr_line' id='line_1_26' title="bbox 323 3267 2444 3338; baseline -0.001 -14"><span class='ocrx_word' id='word_1_229' title='bbox 323 3271 379 3324; x_wconf 81' lang='lat' dir='ltr'><em>R</em></span> <span class='ocrx_word' id='word_1_230' title='bbox 584 3271 619 3322; x_wconf 84' lang='lat'><strong>2</strong></span> <span class='ocrx_word' id='word_1_231' title='bbox 669 3270 1114 3338; x_wconf 86' lang='lat' dir='ltr'><strong>potissimumque</strong></span> <span class='ocrx_word' id='word_1_232' title='bbox 1162 3267 1254 3338; x_wconf 87' lang='lat' dir='ltr'><strong>sit]</strong></span> <span class='ocrx_word' id='word_1_233' title='bbox 1302 3269 1647 3336; x_wconf 87' lang='lat' dir='ltr'><strong>potissimum</strong></span> <span class='ocrx_word' id='word_1_234' title='bbox 1697 3268 1945 3336; x_wconf 82' lang='lat' dir='ltr'><strong>quaesitu</strong></span> <span class='ocrx_word' id='word_1_235' title='bbox 1998 3270 2135 3322; x_wconf 79' lang='lat' dir='ltr'><strong>coni.</strong></span> <span class='ocrx_word' id='word_1_236' title='bbox 2174 3270 2444 3323; x_wconf 76' lang='lat' dir='ltr'><strong>Barthius</strong></span> 
     </span>
     <span class='ocr_line' id='line_1_27' title="bbox 319 3349 2577 3424; baseline -0.001 -14"><span class='ocrx_word' id='word_1_237' title='bbox 319 3357 356 3410; x_wconf 85' lang='grc'><strong>3</strong></span> <span class='ocrx_word' id='word_1_238' title='bbox 402 3356 579 3424; x_wconf 81' lang='lat' dir='ltr'><strong>posset</strong></span> <span class='ocrx_word' id='word_1_239' title='bbox 627 3353 674 3410; x_wconf 79' lang='grc' dir='ltr'><em>Ο</em></span> <span class='ocrx_word' id='word_1_240' title='bbox 788 3349 800 3362; x_wconf 83' lang='grc'><strong>’</strong></span> <span class='ocrx_word' id='word_1_241' title='bbox 887 3354 1069 3408; x_wconf 88' lang='lat' dir='ltr'><strong>animo</strong></span> <span class='ocrx_word' id='word_1_242' title='bbox 1115 3353 1356 3408; x_wconf 80' lang='lat' dir='ltr'><strong>MR²Tb</strong></span> <span class='ocrx_word' id='word_1_243' title='bbox 1379 3355 1528 3420; x_wconf 65' lang='lat' dir='ltr'><strong>Sch„</strong></span> <span class='ocrx_word' id='word_1_244' title='bbox 1588 3354 1828 3408; x_wconf 86' lang='lat' dir='ltr'><strong>animum</strong></span> <span class='ocrx_word' id='word_1_245' title='bbox 1874 3354 1992 3408; x_wconf 80' lang='lat' dir='ltr'><strong>rell.</strong></span> <span class='ocrx_word' id='word_1_246' title='bbox 2212 3354 2245 3407; x_wconf 88' lang='grc'>6</span> <span class='ocrx_word' id='word_1_247' title='bbox 2292 3355 2577 3408; x_wconf 85' lang='lat' dir='ltr'><strong>maximum</strong></span> 
     </span>
     <span class='ocr_line' id='line_1_28' title="bbox 319 3438 2582 3508; baseline -0 -14"><span class='ocrx_word' id='word_1_248' title='bbox 319 3439 458 3504; x_wconf 87' lang='lat' dir='ltr'><strong>Mb,</strong></span> <span class='ocrx_word' id='word_1_249' title='bbox 520 3455 781 3508; x_wconf 85' lang='lat' dir='ltr'><strong>magnum</strong></span> <span class='ocrx_word' id='word_1_250' title='bbox 816 3441 932 3494; x_wconf 79' lang='lat' dir='ltr'><strong>rell.</strong></span> <span class='ocrx_word' id='word_1_251' title='bbox 970 3445 1021 3494; x_wconf 84' lang='lat' dir='ltr'><strong>et</strong></span> <span class='ocrx_word' id='word_1_252' title='bbox 1057 3438 1178 3493; x_wconf 66' lang='grc' dir='ltr'><strong>Βοὴ.</strong></span> <span class='ocrx_word' id='word_1_253' title='bbox 1376 3441 1406 3492; x_wconf 82' lang='grc'>7</span> <span class='ocrx_word' id='word_1_254' title='bbox 1443 3442 1501 3492; x_wconf 90' lang='lat' dir='ltr'><strong>et</strong></span> <span class='ocrx_word' id='word_1_255' title='bbox 1537 3455 1639 3492; x_wconf 88' lang='lat' dir='ltr'><strong>om.</strong></span> <span class='ocrx_word' id='word_1_256' title='bbox 1674 3439 1804 3492; x_wconf 78' lang='lat' dir='ltr'><strong>libri</strong></span> <span class='ocrx_word' id='word_1_257' title='bbox 1830 3445 2058 3508; x_wconf 77' lang='lat' dir='ltr'><strong>praeter</strong></span> <span class='ocrx_word' id='word_1_258' title='bbox 2098 3439 2227 3495; x_wconf 72' lang='lat' dir='ltr'><strong>GM</strong></span> <span class='ocrx_word' id='word_1_259' title='bbox 2344 3449 2347 3452; x_wconf 80' lang='grc'><strong><em>’</em></strong></span> <span class='ocrx_word' id='word_1_260' title='bbox 2419 3441 2485 3494; x_wconf 92' lang='grc'><strong>10</strong></span> <span class='ocrx_word' id='word_1_261' title='bbox 2520 3455 2582 3494; x_wconf 84' lang='lat' dir='ltr'><strong>ao</strong></span> 
     </span>
     <span class='ocr_line' id='line_1_29' title="bbox 322 3524 2581 3592; baseline -0 -12"><span class='ocrx_word' id='word_1_262' title='bbox 322 3541 422 3580; x_wconf 85' lang='lat' dir='ltr'><strong>om.</strong></span> <span class='ocrx_word' id='word_1_263' title='bbox 471 3525 712 3592; x_wconf 80' lang='lat' dir='ltr'><strong>ABDF,</strong></span> <span class='ocrx_word' id='word_1_264' title='bbox 771 3543 804 3579; x_wconf 84' lang='lat' dir='ltr'><strong>a</strong></span> <span class='ocrx_word' id='word_1_265' title='bbox 853 3526 898 3580; x_wconf 85' lang='lat' dir='ltr'><em>C</em></span> <span class='ocrx_word' id='word_1_266' title='bbox 1101 3529 1362 3578; x_wconf 89' lang='lat' dir='ltr'><strong>retrorsus</strong></span> <span class='ocrx_word' id='word_1_267' title='bbox 1419 3524 1566 3579; x_wconf 56' lang='grc' dir='ltr'><strong>ΨΜ</strong></span> <span class='ocrx_word' id='word_1_268' title='bbox 1573 3526 1631 3588; x_wconf 89' lang='lat' dir='ltr'><strong>b,</strong></span> <span class='ocrx_word' id='word_1_269' title='bbox 1693 3528 2014 3579; x_wconf 73' lang='lat' dir='ltr'><strong>ret-,recessus</strong></span> <span class='ocrx_word' id='word_1_270' title='bbox 2059 3526 2178 3582; x_wconf 80' lang='lat' dir='ltr'><strong>rell.</strong></span> <span class='ocrx_word' id='word_1_271' title='bbox 2225 3541 2346 3581; x_wconf 82' lang='lat' dir='ltr'><strong>cum</strong></span> <span class='ocrx_word' id='word_1_272' title='bbox 2388 3525 2500 3580; x_wconf 87' lang='lat' dir='ltr'><strong>PT</strong></span> <span class='ocrx_word' id='word_1_273' title='bbox 2529 3531 2581 3580; x_wconf 78' lang='lat' dir='ltr'><strong>et</strong></span> 
     </span>
     <span class='ocr_line' id='line_1_30' title="bbox 323 3610 2581 3682; baseline -0.001 -15"><span class='ocrx_word' id='word_1_274' title='bbox 323 3612 444 3667; x_wconf 67' lang='grc' dir='ltr'><strong>Βοὴ.</strong></span> <span class='ocrx_word' id='word_1_275' title='bbox 673 3614 739 3667; x_wconf 93' lang='grc'><strong>11</strong></span> <span class='ocrx_word' id='word_1_276' title='bbox 787 3613 888 3682; x_wconf 87' lang='lat' dir='ltr'><strong>est]</strong></span> <span class='ocrx_word' id='word_1_277' title='bbox 938 3614 993 3665; x_wconf 90' lang='lat' dir='ltr'><strong>et</strong></span> <span class='ocrx_word' id='word_1_278' title='bbox 1028 3627 1073 3680; x_wconf 75' lang='lat' dir='ltr'><strong>p</strong></span> <span class='ocrx_word' id='word_1_279' title='bbox 1281 3611 1578 3680; x_wconf 85' lang='lat' dir='ltr'><strong>spheroidis</strong></span> <span class='ocrx_word' id='word_1_280' title='bbox 1631 3610 1698 3675; x_wconf 71' lang='lat' dir='ltr'><strong>G,</strong></span> <span class='ocrx_word' id='word_1_281' title='bbox 1759 3611 2066 3678; x_wconf 86' lang='lat' dir='ltr'><strong>spheroides</strong></span> <span class='ocrx_word' id='word_1_282' title='bbox 2110 3611 2407 3676; x_wconf 79' lang='lat' dir='ltr'><strong>AHLRS,</strong></span> <span class='ocrx_word' id='word_1_283' title='bbox 2468 3628 2581 3681; x_wconf 85' lang='lat' dir='ltr'><strong>spe-</strong></span> 
     </span>
    </p>
   </div>
   <div class='ocr_carea' id='block_1_6' title="bbox 321 3697 2445 3852">
    <p class='ocr_par' dir='ltr' id='par_1_6' title="bbox 321 3697 2445 3852">
     <span class='ocr_line' id='line_1_31' title="bbox 322 3697 2441 3768; baseline 0 -18"><span class='ocrx_word' id='word_1_284' title='bbox 322 3698 495 3751; x_wconf 84' lang='lat' dir='ltr'><strong>roides</strong></span> <span class='ocrx_word' id='word_1_285' title='bbox 530 3697 774 3765; x_wconf 79' lang='lat' dir='ltr'><strong>BDEF,</strong></span> <span class='ocrx_word' id='word_1_286' title='bbox 835 3698 1168 3768; x_wconf 78' lang='lat' dir='ltr'><strong>sphaeroides</strong></span> <span class='ocrx_word' id='word_1_287' title='bbox 1215 3697 1364 3766; x_wconf 59' lang='lat' dir='ltr'><strong>Sela,</strong></span> <span class='ocrx_word' id='word_1_288' title='bbox 1426 3697 1560 3750; x_wconf 86' lang='lat' dir='ltr'><strong>sfere</strong></span> <span class='ocrx_word' id='word_1_289' title='bbox 1597 3697 1651 3750; x_wconf 89' lang='lat' dir='ltr'><strong>id</strong></span> <span class='ocrx_word' id='word_1_290' title='bbox 1690 3707 1720 3750; x_wconf 73' lang='grc' dir='ltr'>δ</span> <span class='ocrx_word' id='word_1_291' title='bbox 1756 3697 1849 3763; x_wconf 87' lang='grc' dir='ltr'><strong>Μ,</strong></span> <span class='ocrx_word' id='word_1_292' title='bbox 1913 3699 2164 3766; x_wconf 87' lang='lat' dir='ltr'><strong>sphaerae</strong></span> <span class='ocrx_word' id='word_1_293' title='bbox 2199 3698 2253 3751; x_wconf 89' lang='lat' dir='ltr'><strong>id</strong></span> <span class='ocrx_word' id='word_1_294' title='bbox 2292 3701 2373 3752; x_wconf 88' lang='lat' dir='ltr'><strong>est</strong></span> <span class='ocrx_word' id='word_1_295' title='bbox 2410 3699 2441 3751; x_wconf 89' lang='lat' dir='ltr'><strong>b</strong></span> 
     </span>
     <span class='ocr_line' id='line_1_32' title="bbox 321 3782 2445 3852; baseline 0.001 -16"><span class='ocrx_word' id='word_1_296' title='bbox 321 3782 558 3852; x_wconf 80' lang='lat' dir='ltr'><strong>profecto</strong></span> <span class='ocrx_word' id='word_1_297' title='bbox 585 3786 656 3852; x_wconf 76' lang='lat'><strong>1⁹²</strong></span> <span class='ocrx_word' id='word_1_298' title='bbox 864 3783 928 3838; x_wconf 85' lang='lat'><strong>12</strong></span> <span class='ocrx_word' id='word_1_299' title='bbox 963 3783 1154 3838; x_wconf 89' lang='lat' dir='ltr'><strong>modus</strong></span> <span class='ocrx_word' id='word_1_300' title='bbox 1191 3784 1239 3838; x_wconf 79' lang='lat' dir='ltr'><strong><em>S</em></strong></span> <span class='ocrx_word' id='word_1_301' title='bbox 1438 3784 1502 3837; x_wconf 89' lang='lat'><strong>13</strong></span> <span class='ocrx_word' id='word_1_302' title='bbox 1538 3799 1627 3837; x_wconf 86' lang='lat' dir='ltr'><strong>sex</strong></span> <span class='ocrx_word' id='word_1_303' title='bbox 1659 3787 1838 3852; x_wconf 85' lang='lat' dir='ltr'><strong>partes</strong></span> <span class='ocrx_word' id='word_1_304' title='bbox 1876 3784 2077 3838; x_wconf 88' lang='lat' dir='ltr'><strong>habens</strong></span> <span class='ocrx_word' id='word_1_305' title='bbox 2114 3801 2214 3838; x_wconf 85' lang='lat' dir='ltr'><strong>om.</strong></span> <span class='ocrx_word' id='word_1_306' title='bbox 2250 3784 2445 3838; x_wconf 84' lang='lat' dir='ltr'><strong><em>A¹BR</em></strong></span> 
     </span>
    </p>
   </div>
   <div class='ocr_carea' id='block_1_7' title="bbox 316 3859 2585 4459">
    <p class='ocr_par' dir='ltr' id='par_1_7' title="bbox 316 3859 2582 4128">
     <span class='ocr_line' id='line_1_33' title="bbox 328 3859 2582 3954; baseline 0 -15"><span class='ocrx_word' id='word_1_307' title='bbox 328 3887 390 3940; x_wconf 83' lang='lat'><strong>14</strong></span> <span class='ocrx_word' id='word_1_308' title='bbox 436 3886 680 3940; x_wconf 79' lang='lat' dir='ltr'><strong>subiacet</strong></span> <span class='ocrx_word' id='word_1_309' title='bbox 725 3885 804 3940; x_wconf 82' lang='lat' dir='ltr'><strong>R²</strong></span> <span class='ocrx_word' id='word_1_310' title='bbox 1011 3859 1374 3954; x_wconf 57' lang='lat' dir='ltr'><strong>grassitudine</strong></span> <span class='ocrx_word' id='word_1_311' title='bbox 1419 3887 1514 3953; x_wconf 87' lang='lat' dir='ltr'><strong>M,</strong></span> <span class='ocrx_word' id='word_1_312' title='bbox 1577 3888 1941 3954; x_wconf 79' lang='lat' dir='ltr'><strong>grossitudine</strong></span> <span class='ocrx_word' id='word_1_313' title='bbox 1986 3888 2017 3943; x_wconf 90' lang='lat' dir='ltr'><strong>b</strong></span> <span class='ocrx_word' id='word_1_314' title='bbox 2238 3887 2301 3940; x_wconf 81' lang='grc'>17</span> <span class='ocrx_word' id='word_1_315' title='bbox 2349 3887 2582 3942; x_wconf 86' lang='lat' dir='ltr'><strong>clauium</strong></span> 
     </span>
     <span class='ocr_line' id='line_1_34' title="bbox 323 3972 2451 4042; baseline 0 -15"><span class='ocrx_word' id='word_1_316' title='bbox 323 3973 394 4041; x_wconf 81' lang='grc' dir='ltr'><strong>Ο,</strong></span> <span class='ocrx_word' id='word_1_317' title='bbox 453 3973 646 4042; x_wconf 82' lang='lat' dir='ltr'><strong>plausu</strong></span> <span class='ocrx_word' id='word_1_318' title='bbox 694 3972 725 4025; x_wconf 88' lang='lat' dir='ltr'><strong>b</strong></span> <span class='ocrx_word' id='word_1_319' title='bbox 931 3988 1094 4026; x_wconf 88' lang='lat' dir='ltr'><strong>manu</strong></span> <span class='ocrx_word' id='word_1_320' title='bbox 1140 3990 1240 4027; x_wconf 84' lang='lat' dir='ltr'><strong>om.</strong></span> <span class='ocrx_word' id='word_1_321' title='bbox 1291 3975 1402 4038; x_wconf 68' lang='grc' dir='ltr'><strong>Μ’,</strong></span> <span class='ocrx_word' id='word_1_322' title='bbox 1463 3989 1717 4027; x_wconf 90' lang='lat' dir='ltr'><strong>manuum</strong></span> <span class='ocrx_word' id='word_1_323' title='bbox 1766 3975 1797 4027; x_wconf 97' lang='lat' dir='ltr'><strong>b</strong></span> <span class='ocrx_word' id='word_1_324' title='bbox 2007 3975 2071 4027; x_wconf 89' lang='grc'><strong>18</strong></span> <span class='ocrx_word' id='word_1_325' title='bbox 2112 3973 2360 4040; x_wconf 87' lang='lat' dir='ltr'><strong>tangitur</strong></span> <span class='ocrx_word' id='word_1_326' title='bbox 2405 3973 2451 4028; x_wconf 81' lang='lat' dir='ltr'><em>O</em></span> 
     </span>
     <span class='ocr_line' id='line_1_35' title="bbox 316 4049 2446 4128; baseline 0 -16"><span class='ocrx_word' id='word_1_327' title='bbox 316 4057 506 4113; x_wconf 73' lang='lat' dir='ltr'><strong>uerbis</strong></span> <span class='ocrx_word' id='word_1_328' title='bbox 539 4059 692 4127; x_wconf 85' lang='lat' dir='ltr'><strong>patet</strong></span> <span class='ocrx_word' id='word_1_329' title='bbox 726 4071 879 4110; x_wconf 89' lang='lat' dir='ltr'><strong>omne</strong></span> <span class='ocrx_word' id='word_1_330' title='bbox 914 4049 1112 4125; x_wconf 60' lang='lat' dir='ltr'><strong>finita}-</strong></span> <span class='ocrx_word' id='word_1_331' title='bbox 1139 4074 1272 4128; x_wconf 74' lang='lat' dir='ltr'><strong>paq.</strong></span> <span class='ocrx_word' id='word_1_332' title='bbox 1312 4063 1390 4112; x_wconf 79' lang='lat'><strong>40</strong></span> <span class='ocrx_word' id='word_1_333' title='bbox 1425 4059 1628 4113; x_wconf 81' lang='lat' dir='ltr'><strong>codicis</strong></span> <span class='ocrx_word' id='word_1_334' title='bbox 1665 4059 1745 4126; x_wconf 83' lang='lat' dir='ltr'><strong>L,</strong></span> <span class='ocrx_word' id='word_1_335' title='bbox 1799 4075 2027 4127; x_wconf 74' lang='lat' dir='ltr'><strong>sequens</strong></span> <span class='ocrx_word' id='word_1_336' title='bbox 2060 4057 2258 4125; x_wconf 77' lang='lat' dir='ltr'><strong>folium</strong></span> <span class='ocrx_word' id='word_1_337' title='bbox 2294 4057 2446 4112; x_wconf 76' lang='lat' dir='ltr'><strong>deest</strong></span> 
     </span>
    </p>

    <p class='ocr_par' dir='ltr' id='par_1_8' title="bbox 325 4142 2445 4215">
     <span class='ocr_line' id='line_1_36' title="bbox 325 4142 2445 4215; baseline -0.001 -17"><span class='ocrx_word' id='word_1_338' title='bbox 325 4146 388 4198; x_wconf 85' lang='lat'><strong>19</strong></span> <span class='ocrx_word' id='word_1_339' title='bbox 413 4147 593 4214; x_wconf 85' lang='lat' dir='ltr'><strong>posset</strong></span> <span class='ocrx_word' id='word_1_340' title='bbox 619 4142 684 4198; x_wconf 59' lang='grc' dir='ltr'><strong>δ’(</strong></span> <span class='ocrx_word' id='word_1_341' title='bbox 873 4159 978 4197; x_wconf 90' lang='lat' dir='ltr'><strong>uno</strong></span> <span class='ocrx_word' id='word_1_342' title='bbox 1002 4161 1102 4198; x_wconf 86' lang='lat' dir='ltr'><strong>om.</strong></span> <span class='ocrx_word' id='word_1_343' title='bbox 1126 4145 1537 4214; x_wconf 63' lang='grc' dir='ltr'><strong>ΑΒΒΕΕῬΡ2</strong></span> <span class='ocrx_word' id='word_1_344' title='bbox 1734 4146 1873 4215; x_wconf 85' lang='lat' dir='ltr'><strong>loco]</strong></span> <span class='ocrx_word' id='word_1_345' title='bbox 1902 4144 2081 4198; x_wconf 90' lang='lat' dir='ltr'><strong>eodem</strong></span> <span class='ocrx_word' id='word_1_346' title='bbox 2106 4143 2232 4198; x_wconf 81' lang='lat' dir='ltr'><strong>add.</strong></span> <span class='ocrx_word' id='word_1_347' title='bbox 2258 4144 2445 4212; x_wconf 77' lang='lat' dir='ltr'><strong>DPp²</strong></span> 
     </span>
    </p>

    <p class='ocr_par' dir='ltr' id='par_1_9' title="bbox 319 4228 2585 4459">
     <span class='ocr_line' id='line_1_37' title="bbox 319 4228 2581 4300; baseline -0.001 -15"><span class='ocrx_word' id='word_1_348' title='bbox 319 4234 387 4286; x_wconf 83' lang='lat'><strong>21</strong></span> <span class='ocrx_word' id='word_1_349' title='bbox 426 4231 587 4300; x_wconf 90' lang='lat' dir='ltr'><strong>quod]</strong></span> <span class='ocrx_word' id='word_1_350' title='bbox 625 4247 728 4284; x_wconf 90' lang='lat' dir='ltr'><strong>non</strong></span> <span class='ocrx_word' id='word_1_351' title='bbox 771 4229 828 4285; x_wconf 61' lang='lat'><strong>61</strong></span> <span class='ocrx_word' id='word_1_352' title='bbox 1028 4232 1127 4284; x_wconf 89' lang='lat' dir='ltr'><strong>illa</strong></span> <span class='ocrx_word' id='word_1_353' title='bbox 1164 4233 1219 4286; x_wconf 78' lang='lat' dir='ltr'><strong><em>A</em></strong></span> <span class='ocrx_word' id='word_1_354' title='bbox 1423 4231 1609 4300; x_wconf 87' lang='lat' dir='ltr'><strong>habet]</strong></span> <span class='ocrx_word' id='word_1_355' title='bbox 1646 4233 1703 4282; x_wconf 92' lang='lat' dir='ltr'><strong>in</strong></span> <span class='ocrx_word' id='word_1_356' title='bbox 1741 4229 1869 4284; x_wconf 82' lang='lat' dir='ltr'><strong>add.</strong></span> <span class='ocrx_word' id='word_1_357' title='bbox 1910 4230 1964 4285; x_wconf 82' lang='lat' dir='ltr'><em>R</em></span> <span class='ocrx_word' id='word_1_358' title='bbox 2172 4228 2249 4282; x_wconf 81' lang='lat'><strong>22.</strong></span> <span class='ocrx_word' id='word_1_359' title='bbox 2287 4230 2581 4298; x_wconf 80' lang='lat' dir='ltr'><strong>superiora}</strong></span> 
     </span>
     <span class='ocr_line' id='line_1_38' title="bbox 319 4314 2585 4381; baseline -0 -12"><span class='ocrx_word' id='word_1_360' title='bbox 319 4333 417 4370; x_wconf 86' lang='lat' dir='ltr'><strong>sua</strong></span> <span class='ocrx_word' id='word_1_361' title='bbox 451 4316 582 4374; x_wconf 76' lang='lat' dir='ltr'><strong>add.</strong></span> <span class='ocrx_word' id='word_1_362' title='bbox 619 4316 732 4370; x_wconf 89' lang='lat' dir='ltr'><strong>Mb</strong></span> <span class='ocrx_word' id='word_1_363' title='bbox 928 4315 1027 4370; x_wconf 87' lang='lat' dir='ltr'><strong>illa</strong></span> <span class='ocrx_word' id='word_1_364' title='bbox 1061 4317 1115 4369; x_wconf 81' lang='lat' dir='ltr'><strong><em>A</em></strong></span> <span class='ocrx_word' id='word_1_365' title='bbox 1311 4316 1524 4369; x_wconf 81' lang='lat' dir='ltr'><strong>dextera</strong></span> <span class='ocrx_word' id='word_1_366' title='bbox 1561 4314 1783 4369; x_wconf 88' lang='lat' dir='ltr'><em>BDFL</em></span> <span class='ocrx_word' id='word_1_367' title='bbox 1991 4315 2059 4368; x_wconf 73' lang='lat'><strong>23</strong></span> <span class='ocrx_word' id='word_1_368' title='bbox 2096 4317 2298 4367; x_wconf 89' lang='lat' dir='ltr'><strong>certum</strong></span> <span class='ocrx_word' id='word_1_369' title='bbox 2335 4319 2418 4367; x_wconf 89' lang='lat' dir='ltr'><strong>est</strong></span> <span class='ocrx_word' id='word_1_370' title='bbox 2453 4314 2585 4381; x_wconf 88' lang='lat' dir='ltr'><strong>Mb,</strong></span> 
     </span>
     <span class='ocr_line' id='line_1_39' title="bbox 320 4401 1124 4459; baseline -0.006 -1"><span class='ocrx_word' id='word_1_371' title='bbox 320 4419 424 4458; x_wconf 87' lang='lat' dir='ltr'><strong>om.</strong></span> <span class='ocrx_word' id='word_1_372' title='bbox 459 4404 575 4459; x_wconf 81' lang='lat' dir='ltr'><strong>rell.</strong></span> <span class='ocrx_word' id='word_1_373' title='bbox 613 4417 737 4457; x_wconf 74' lang='lat' dir='ltr'><strong>cum</strong></span> <span class='ocrx_word' id='word_1_374' title='bbox 772 4402 883 4458; x_wconf 87' lang='grc' dir='ltr'><strong>ΡΤ</strong></span> <span class='ocrx_word' id='word_1_375' title='bbox 913 4407 966 4457; x_wconf 85' lang='lat' dir='ltr'><strong>et</strong></span> <span class='ocrx_word' id='word_1_376' title='bbox 1003 4401 1124 4457; x_wconf 63' lang='grc' dir='ltr'><strong>θοὴ.</strong></span> 
     </span>
    </p>
   </div>
   <div class='ocr_carea' id='block_1_8' title="bbox 2302 4505 2377 4557">
    <p class='ocr_par' dir='ltr' id='par_1_10' title="bbox 2302 4505 2377 4557">
     <span class='ocr_line' id='line_1_40' title="bbox 2302 4505 2377 4557; baseline 0 -21"><span class='ocrx_word' id='word_1_377' title='bbox 2302 4505 2377 4557; x_wconf 74' lang='grc'><strong>5*</strong></span> 
     </span>
    </p>
   </div>
   <div class='ocr_carea' id='block_1_9' title="bbox 3144 3557 3148 4462">
    <p class='ocr_par' dir='ltr' id='par_1_11' title="bbox 3144 3557 3148 4462">
     <span class='ocr_line' id='line_1_41' title="bbox 3144 3557 3148 4462; baseline 0 0"><span class='ocrx_word' id='word_1_378' title='bbox 3144 3557 3148 4462; x_wconf 95' lang='lat' dir='ltr'><strong> </strong></span> 
     </span>
    </p>
   </div>
  </div>
 </body>
</html>
