3175 5050
1319 461 1661 530 Epistula.
2486 486 2491 494 ¹
2570 465 2619 530 ²9

352 650 633 732 aequalis
673 653 989 732 adpareat,
1036 651 1250 714 contra
1295 649 1568 714 Arianae
1618 667 1865 716 armare
1906 650 2093 731 atque
2123 669 2335 732 regere
2365 651 2617 718 ualeant

353 753 724 837 prauitates.
802 771 949 836 ergo
1009 751 1252 836 quando
1315 755 1390 818 de
1449 756 1725 818 tractatu
1786 753 1994 818 altiori
2056 755 2323 818 conlatio
2374 757 2491 832 est,
2534 758 2618 822 ad

355 857 754 922 subtiliorem
823 857 1218 924 intellectum
1275 875 1496 922 sensus
1559 857 1625 920 et
1682 857 1929 922 animus
1988 859 2447 939 praeparandus
2502 864 2616 924 est.

356 960 643 1026 nonnulli
689 960 1101 1026 eruditissimi
1146 961 1396 1041 patrum
1443 960 1572 1024 alia
1608 962 1905 1024 adserunt
1935 979 2069 1026 esse
2100 961 2461 1045 inuisibilia,
2494 963 2621 1030 alia

315 1085 335 1122 ε,
355 1082 507 1127 uero
572 1066 947 1145 incorporea.
1036 1063 1340 1145 quidquid
1395 1066 1680 1128 creatum
1742 1064 1857 1140 est,
1918 1064 2252 1128 materiam
2304 1065 2503 1132 uideri
2554 1068 2620 1131 et

357 1167 582 1232 factori
629 1185 739 1232 suo
787 1167 1318 1248 conprehensibile
1365 1170 1425 1231 et
1471 1185 1833 1248 corporeum
1878 1186 2006 1232 esse
2067 1167 2391 1233 definiunt.
2470 1189 2617 1235 nam

359 1273 422 1334 et
471 1269 824 1334 animarum
877 1272 942 1335 et
997 1271 1361 1352 angelorum
1407 1270 1695 1334 naturam
1742 1270 2034 1335 adserunt
2082 1290 2213 1336 esse
2260 1290 2618 1354 corpoream

359 1391 470 1455 pro
517 1391 608 1454 eo,
665 1376 824 1454 quod
872 1371 1056 1436 initio
1101 1371 1691 1436 circumscribantur
1735 1378 1801 1438 et
1846 1375 2069 1454 spatio.
2147 1393 2292 1438 nam
2338 1376 2507 1442 sicut
2550 1379 2617 1441 in

360 1475 626 1557 quodam
703 1475 765 1540 S.
837 1474 1205 1559 Hieronymi
1278 1475 1551 1540 tractatu
1628 1475 1929 1558 legimus:
2006 1477 2186 1560 glob
2205 1497 2241 1542 o
2260 1497 2288 1542 s
2306 1528 2321 1555 ‚
2389 1480 2614 1562 inquit,

289 1579 703 1644 insiderum
771 1578 1244 1661 corporatos
1317 1596 1483 1642 esse
1541 1578 1881 1661 spiritus
1941 1579 2489 1657 arbitrantur,
2554 1586 2619 1646 et

357 1683 542 1748 item:
603 1681 669 1748 si
735 1682 1036 1764 angeli,
1096 1681 1326 1764 inquit,
1388 1683 1779 1748 caelestia
1835 1682 2081 1748 etiam
2148 1701 2470 1766 corpora
2528 1686 2619 1749 ad

355 1786 1004 1867 conparationem
1077 1787 1200 1852 dei
1263 1785 1630 1850 inmunda
1698 1803 1871 1850 esse
1945 1786 2361 1864 dicuntur,
2436 1788 2617 1870 quid

357 1891 589 1970 putas
647 1889 869 1954 homo
929 1889 1476 1954 aestimandus
1539 1891 1704 1953 est?
1762 1889 1874 1953 sed
1932 1890 2095 1954 inter
2152 1889 2309 1954 haec
2358 1890 2499 1956 ideo
2544 1894 2619 1955 tu

357 1993 636 2056 animam
690 2011 883 2074 negas
927 2010 1062 2058 esse
1093 2009 1468 2074 corpoream,
1501 1991 1651 2073 quia
1678 1993 1849 2056 iuxta
1877 1992 2232 2075 aliquorum
2261 1992 2619 2076 opinionem

288 2123 338 2161 ιε,
356 2112 487 2158 nec¹
527 2094 744 2160 localis
803 2095 909 2172 sit,
967 2113 1083 2160 nec
1129 2096 1438 2177 qualitate
1493 2097 1607 2160 aut
1667 2079 2021 2177 quanti-tate
2080 2097 2407 2174 subsistat,
2456 2099 2618 2178 quod

357 2199 434 2262 de
489 2197 622 2262 sola
675 2197 777 2262 dei
831 2197 1165 2264 maiestate
1222 2197 1389 2262 credi
1447 2197 1669 2262 debere
1715 2198 2117 2264 manifestum
2162 2203 2279 2266 est.
2353 2199 2621 2282 legimus

358 2300 526 2366 enim
596 2301 666 2364 in
729 2301 999 2382 quodam
1063 2301 1490 2383 receptissimo
1557 2304 1811 2385 patrum
1878 2305 2186 2368 tractatu:
2260 2304 2338 2367 in
2358 2302 2616 2386 gredi,

357 2403 587 2484 inquit,
621 2405 694 2468 et
736 2403 1043 2485 inplere
1085 2404 1350 2470 omnia
1395 2403 1549 2468 soli
1595 2407 1714 2469 est
1759 2405 2153 2486 possibile
2206 2405 2616 2486 trinitati,

359 2527 556 2590 quae
599 2509 713 2573 sic
757 2510 1178 2573 uniuersae
1225 2508 1845 2575 intellectualis
1891 2511 2215 2573 naturae
2247 2507 2619 2575 efficitur

284 2610 894 2695 sopenetratrix‚
938 2613 1212 2676 utnon
1257 2612 1510 2676 solum
1569 2612 2132 2694 circumplecti
2178 2628 2339 2675 eam
2382 2614 2619 2695 atque

361 2714 691 2797 ambire,
759 2714 890 2779 sed
959 2715 1203 2780 etiam
1279 2714 1538 2779 inlabi
1612 2717 1679 2780 ei
1733 2719 1807 2780 et
1864 2715 2095 2780 uelut
2154 2715 2621 2797 incorporea

362 2820 673 2901 corpori
731 2819 990 2900 possit
1046 2818 1392 2883 infundi.
1481 2819 1681 2885 licet
1740 2819 1945 2884 enim
2005 2818 2620 2901 pronuntiemus

565 3022 600 3075 9
635 3021 854 3077 Hieron.
879 3024 1162 3077 comment.
1187 3022 1244 3075 in
1269 3023 1391 3078 libr.
1417 3021 1516 3077 Iob
1540 3022 1611 3077 25
1789 3022 1851 3075 17
1878 3022 2115 3078 Cassian.
2142 3022 2323 3077 collat.
2347 3021 2457 3077 VII
2486 3022 2553 3077 13
2619 3008 2623 3013 ¹

467 3210 496 3263 1
534 3212 781 3279 appareat
817 3210 872 3262 Z
1051 3211 1290 3265 arrianas
1334 3210 1506 3275 0MS,
1567 3209 1807 3265 arrianos
1842 3211 1891 3275 b,
1950 3210 2145 3265 arrian’
2182 3210 2239 3265 R
2424 3209 2624 3264 armari

361 3294 474 3349 Mb
500 3292 755 3351 &houm
961 3310 1142 3364 regere
1189 3296 1262 3363 Z,
1323 3295 1462 3365 erigi
1510 3296 1583 3350 Μ
1593 3296 1625 3350 b
1652 3296 1935 3363 Schottus,
1993 3295 2199 3367 erigere
2240 3295 2357 3351 rell.
2394 3294 2623 3359 codices,

362 3382 569 3450 erigere
591 3382 734 3449 exigi
759 3384 828 3451 12²
1022 3383 1058 3435 2
1093 3382 1324 3453 quando]
1363 3388 1455 3451 qm
1487 3382 1551 3436 E
1736 3382 1929 3437 altiore
1964 3382 2097 3437 libri
2108 3388 2346 3451 practer·
2372 3380 2492 3435 ΜΖ

359 3467 398 3521 4
431 3467 696 3536 nonnulli]
734 3482 843 3523 non
878 3466 1050 3535 aliqui
1083 3468 1225 3521 nulli
1261 3468 1373 3523 Mb
1555 3468 1591 3521 5
1626 3468 1851 3523 materia
1887 3466 1944 3521 Z
1968 3468 2223 3525 canisius
2412 3466 2445 3521 6
2482 3483 2623 3521 com·

359 3550 775 3623 prehensibilem
829 3551 1114 3619 Gam’sius,
1185 3552 1702 3623 inconprehensibile
1748 3556 1809 3621 ρ’
2014 3552 2379 3622 incorporeum
2416 3556 2487 3623 1⁰²

360 3640 397 3693 8
440 3638 606 3709 quod]
643 3640 698 3692 et
732 3637 863 3693 add.
897 3639 1032 3694 libri
1068 3645 1298 3707 praeter
1340 3638 1508 3695 ΟΜΖ
1710 3638 2183 3693 circumscribatur
2224 3638 2360 3693 libri
2390 3645 2625 3707 praeter

360 3724 528 3779 ΕΓΖ
727 3726 763 3777 9
803 3724 998 3793 globus
1031 3725 1084 3778 Z
1289 3725 1356 3778 10
1390 3726 1700 3793 corporatus
1736 3724 1792 3779 R
1986 3722 2283 3777 arbitratur
2316 3722 2489 3777 BER

362 3812 430 3867 11
465 3810 632 3865 etiarn
667 3826 768 3865 om.
805 3810 857 3864 Z
877 3809 1135 3867 Gawiaius
1309 3825 1558 3880 corporea
1579 3810 1638 3865 R
1823 3810 1889 3863 13
1923 3809 2263 3863 extimandus
2287 3809 2383 3875 M,
2436 3810 2625 3863 existi-

361 3896 590 3951 mandus
634 3896 702 3961 0,
760 3896 1018 3951 dicendus
1055 3896 1446 3952 ABEFHRS
1624 3898 1709 3950 est
1746 3910 1847 3950 om.
1884 3896 1935 3949 Z
1962 3894 2223 3952 canisius
2403 3894 2625 3949 interim

361 4015 490 4082 EF,
548 3984 720 4073 inte?
765 4016 876 4073 HS
1077 4019 1210 4073 haec
1264 4036 1365 4074 om.
1415 4018 1543 4073 libri
1588 4022 1813 4087 praeter
1866 4017 2036 4073 ΟΜΖ
2042 4018 2073 4071 b
2285 4016 2349 4070 14
2401 4016 2624 4071 aliorum

363 4102 478 4158 HS
677 4104 740 4159 15
777 4104 1035 4173 qualitati
1070 4102 1328 4159 ABEF·
1503 4106 1599 4159 aut
1614 4134 1678 4145 —
1692 4104 1976 4159 maiestate
2010 4118 2111 4157 om.
2150 4102 2204 4156 Z
2230 4102 2489 4158 canisius

361 4224 668 4293 quantitati
703 4224 933 4281 ABEF
1111 4224 1365 4280 subsistit
1399 4225 1457 4279 R
1639 4224 1706 4277 ie
1742 4224 1858 4279 cedi
1894 4224 1955 4278 Ε
2122 4186 2391 4277 martiii-e
2426 4222 2497 4275 H

367 4311 432 4365 17
470 4313 614 4365 enim
637 4326 740 4366 om.
773 4312 878 4365 Ma
1062 4312 1129 4365 19
1163 4311 1304 4366 sicut
1339 4310 1394 4365 Z
1413 4311 1676 4367 canisius
1846 4310 1916 4363 20
1951 4325 2013 4364 ea
2047 4306 2491 4366 ABOE¹FH¹R

365 4395 436 4449 22
472 4396 626 4465 licet]
661 4395 750 4449 hic
785 4396 854 4448 llll
889 4397 1036 4463 (erat
1071 4400 1126 4449 et
1161 4396 1228 4451 in
1261 4399 1395 4464 raes)
1432 4396 1506 4451 M
