3175 5050
610 416 699 485 26
1383 414 1757 470 Claudiani
1792 413 2112 469 Mamerti

615 608 813 674 ciliat.
893 606 1210 673 enimuero
1254 604 1436 681 illud,
1470 606 1633 688 quod
1668 604 1793 669 ista
1826 606 2059 688 pagina
2085 602 2447 687 propalatur
2477 601 2872 686 eiusdemque

614 714 833 776 auctor
887 707 1261 785 occultatur,
1320 707 1574 773 euidens
1634 706 1785 772 facit
1844 707 2150 772 indicium
2214 706 2474 771 eandem
2531 705 2790 784 scilicet,
2838 722 2876 768 a

613 830 736 895 quo
782 811 870 879 sit
914 812 1249 894 conposita,
1295 808 1488 875 fuisse
1536 811 1917 875 damnatam.
1974 827 2157 874 nemo
2204 808 2372 873 enim
2419 808 2634 873 studet
2664 808 2871 873 occul-

615 919 755 995 tari!
811 915 927 979 nisi
976 914 1082 998 qui
1112 914 1410 979 formidat
1451 912 1728 997 agnosci.
1796 929 1910 996 ego
1942 917 2154 977 tamen
2188 913 2339 978 satis
2372 912 2589 977 mirari
2618 930 2869 994 nequeo,

619 1039 723 1083 utam·
795 1027 851 1083 in
923 1024 1136 1086 eodem
1201 1018 1495 1083 uitandae
1564 1034 1756 1082 noxae
1816 1034 1939 1081 non
2002 1016 2192 1081 fuerit
2250 1014 2550 1094 studium,
2620 1016 2685 1079 in
2753 1033 2874 1096 quo
2924 1045 2954 1085 5

619 1122 1044 1207 suhl.11·1n1endi
1091 1121 1362 1186 nominis
1415 1121 1627 1203 potuit
1670 1138 1801 1185 csse
1849 1119 2168 1184 iudicium.

1671 1410 1800 1492 III.

655 1603 843 1659 *ἔμ’ίιῖὺ
915 1598 1268 1647 DIVINITAS
1332 1600 1776 1647 INPASSIBILIS
1840 1600 2055 1647 NVLLI
2120 1597 2420 1647 PRORSVS
2486 1599 2832 1647 ADFECTVI

1539 1702 1938 1751 SVBIAOEAT.

703 1843 811 1907 Sed
887 1843 959 1907 ad
1014 1841 1399 1923 propositum
1458 1842 1847 1906 reuertentes
1905 1839 2043 1923 ipsa
2100 1840 2361 1922 praefati
2420 1841 2622 1924 operis
2678 1840 2877 1905 uerba
2895 1871 2951 1914 ιο

615 1947 967 2007 uideamus:
1011 1946 1087 2009 ad
1130 1941 1315 2008 illum
1358 1942 1658 2009 uidelicet
1702 1942 1803 2008 cui
1848 1944 2005 2009 talia
2048 1943 2349 2018 destinat,
2397 1961 2581 2025 quem
2613 1944 2871 2026 perinde

615 2051 799 2127 atquo
847 2067 911 2107 se
959 2046 1229 2111 celatum
1265 2045 1530 2126 studuit,
1563 2046 1658 2110 sic
1687 2048 1807 2111 ait:
1857 2047 2179 2128 quaeris
2225 2066 2262 2111 a
2304 2065 2416 2111 me
2462 2064 2610 2129 quo
2657 2049 2869 2113 modo

619 2151 843 2211 iuxta
911 2147 1454 2213 substantiam
1499 2149 1623 2213 dei
1675 2149 1751 2213 in
1799 2149 2154 2231 epistula
2200 2152 2524 2231 quadam
2568 2149 2871 2214 dictum

615 2255 747 2327 sit?
819 2255 879 2315 et
935 2249 1058 2327 hic,
1120 2268 1234 2315 nec
1293 2270 1470 2333 quae,
1527 2271 1639 2316 nec
1685 2252 1877 2334 cuim,
1926 2271 2037 2318 nec
2084 2254 2163 2317 ad
2211 2271 2418 2335 quem,
2466 2271 2581 2318 nec
2625 2254 2702 2319 de
2746 2271 2867 2336 quo

611 2355 883 2435 epistula
947 2355 1107 2419 foret
1180 2356 1526 2421 indicatum
1596 2356 1818 2423 uoluit.
1899 2356 2346 2439 continuatque
2413 2357 2487 2421 de
2550 2358 2691 2423 deo:
2753 2356 2944 2427 nil15

607 2463 859 2519 sensit
935 2457 1328 2539 patientis
1403 2475 1667 2537 sensu,
1758 2461 1894 2525 sed
1970 2459 2227 2526 sensit
2313 2460 2868 2543 conpatientis

611 2563 943 2623 adfectu.
1021 2561 1348 2644 subiungit
1406 2563 1575 2627 istud
1634 2580 1745 2627 nec
1796 2562 2197 2646 philosophos
2244 2563 2592 2645 ignorasse:
2642 2563 2864 2646 quia,

611 2665 827 2743 inquit,
891 2667 963 2727 in
1022 2663 1334 2729 homine
1391 2665 1753 2730 diuersae
1810 2665 2335 2746 adfectiones,
2396 2665 2469 2731 id
2540 2667 2687 2744 est,
2754 2666 2867 2731 iu-

607 2767 875 2839 stitia,
927 2767 1509 2847 miseric-ordia,
1563 2769 1956 2834 sanctitas
2000 2788 2129 2833 res
2174 2768 2639 2834 accidentes
2687 2771 2868 2834 sunt

611 2875 679 2931 et
727 2871 899 2931 ideo
951 2869 1310 2934 adfectus
1357 2874 1761 2935 uocantur.
1838 2875 2027 2936 deus
2072 2889 2264 2936 uero
2296 2872 2415 2936 his
2447 2890 2592 2937 non
2621 2874 2940 2956 passi-20

607 2972 895 3032 uiliter
971 2971 1379 3037 adficitur.
1468 2990 1502 3035 o
1569 2991 1692 3037 non
1758 2974 2174 3056 passibiliter!
2245 2993 2280 3040 o
2348 2974 2670 3040 adficitur!
2746 2992 2865 3058 quo

811 3176 875 3228 12]
911 3176 976 3232 cf.
1013 3190 1134 3244 pag.
1173 3175 1222 3242 6,
1260 3175 1329 3229 10
1501 3178 1567 3230 15
1603 3177 1667 3230 cf.
1706 3192 1830 3246 pag.
1869 3179 1919 3243 6,
1956 3179 2021 3232 11
2208 3179 2269 3233 17
2308 3179 2376 3233 cf.
2412 3195 2535 3249 pag.
2572 3180 2621 3245 6,
2661 3180 2727 3234 15

711 3368 731 3412 1
771 3364 891 3416 istis:-
915 3361 1183 3418 HGMRb
1355 3363 1388 3417 2
1415 3363 1679 3418 occulitur
1712 3364 1887 3421 OGM
1896 3368 1927 3421 b
2100 3369 2327 3423 eundem
2351 3369 2727 3425 B³H²LMSb

607 3452 639 3500 3
687 3448 1002 3501 damnatum
1036 3447 1473 3504 B³H²LMRso
1680 3451 1851 3505 occuli
1896 3451 2107 3509 GGMb
2312 3455 2349 3508 4
2381 3449 2637 3510 formidet
2674 3457 2725 3513 G

607 3536 787 3584 mirari
823 3534 1040 3601 nequeo]
1079 3536 1244 3588 miror
1279 3535 1392 3589 Mb
1563 3537 1599 3590 5
1633 3536 1709 3606 in]
1746 3554 1831 3591 mo
1865 3538 1923 3594 R
2095 3541 2129 3594 6
2162 3540 2427 3595 inditium
2468 3541 2514 3596 S
2683 3542 2743 3597 11
2782 3543 2862 3597 ui-

603 3620 839 3688 deamus]
883 3636 984 3677 nm.
1019 3618 1487 3690 ABDFHLRS,
1542 3638 1800 3691 ponamus
1838 3624 2093 3680 &honus
2281 3642 2438 3695 quem
2462 3626 2679 3697 perinde
2702 3631 2863 3698 atque

605 3740 675 3804 aas]
715 3756 915 3808 quemn
947 3754 1122 3793 secum
1157 3740 1230 3794 M
1234 3741 1267 3794 b
1464 3743 1530 3797 12
1566 3716 1859 3798 {celllatum
1896 3744 1943 3800 S
2134 3747 2384 3817 celatum]
2424 3747 2551 3803 libri
2586 3764 2707 3804 cum
2740 3749 2863 3814 PT,

599 3840 711 3876 esse.
739 3824 863 3876 adsi-⁶
895 3824 1149 3880 Sekottus
1334 3827 1399 3880 13
1422 3828 1647 3898 dictum]
1675 3830 1937 3899 scriptum
1961 3837 2040 3886 est
2065 3833 2222 3901 apud
2243 3832 2517 3888 Faustum
2700 3837 2765 3890 14
2788 3837 2865 3890 sit

601 3928 699 3960 nna.
731 3912 855 3964 rib-m*
871 3916 1090 3976 praeter
1114 3911 1302 3967 EGM
1471 3930 1669 3982 necque
1693 3931 1792 3969 nec
1813 3916 2263 3983 ABGffEGAs,
2318 3934 2487 3988 neque
2508 3934 2604 3973 nec
2627 3919 2861 3985 FERS,

603 3996 651 4048 L
695 4000 747 4048 a-Tn
787 4012 891 4048 ταις,
911 4036 923 4060 ,
985 4012 1079 4050 nec
1114 3999 1308 4053 omisso
1342 4015 1438 4052 nec
1472 4015 1611 4068 quae
1647 3999 1903 4056 Schottus
2110 4005 2233 4072 quo]
2277 4019 2383 4072 qua
2428 4005 2484 4058 A
2694 4008 2760 4062 15
2802 4007 2863 4059 in

599 4088 727 4132 emit?
767 4084 994 4148 epistula
1030 4082 1160 4137 add.
1197 4085 1253 4140 R
1459 4085 1699 4140 indicare
1734 4086 1847 4141 Mb
2056 4089 2121 4143 16
2159 4091 2391 4159 patienti
2427 4091 2504 4146 M
2694 4094 2865 4147 sensit

600 4188 699 4220 nm.
759 4168 810 4220 ts*
891 4168 1027 4221 sicut
1082 4168 1334 4226 Schottus
1544 4172 1607 4226 17
1663 4172 1945 4227 subiunxit
1996 4174 2106 4228 Mb
2315 4177 2382 4230 18
2435 4178 2668 4231 actiones
2729 4178 2863 4233 Gal-

599 4256 747 4308 Enmi.
985 4256 1048 4309 19
1098 4259 1380 4327 sanctitas]
1430 4258 1821 4326 beneuolentia,
1869 4263 2044 4330 pietas
2089 4262 2218 4318 add.
2264 4264 2514 4323 Faustus
2720 4283 2865 4320 acce-

603 4344 783 4392 dentes
823 4344 1073 4396 Fen-ustus
1277 4344 1343 4396 21
1380 4345 1518 4413 quod
1557 4346 1652 4412 M,
1713 4347 1843 4415 quid
1881 4347 1913 4401 b
