3175 5050
591 421 686 490 22
1371 419 1743 476 Claudiani
1778 419 2096 476 Mamerti

599 611 764 678 nihil
806 613 969 696 quod
1013 612 1116 679 uel
1161 610 1498 678 auctoritas
1543 610 1758 676 iubeat
1800 610 1904 676 uel
1946 608 2107 675 ratio
2158 609 2415 676 suadeat
2473 607 2865 691 potissimum

599 714 901 794 dicentes,
964 719 1180 799 spreta
1218 715 1540 799 paucitate
1598 715 1923 781 doctorum
1965 715 2259 780 inludunt
2303 713 2624 798 inperitos«,
2670 732 2864 796 quae

601 817 940 884 maxima
995 821 1225 886 turba
1281 820 1415 884 est.
1494 819 1601 884 sed
1668 821 1730 882 et
1784 816 1907 901 ipsi
1962 818 2039 883 ab
2100 817 2333 883 eisdem
2395 834 2547 899 quos
2608 816 2863 895 fallunt,

599 922 915 1002 reciproca
957 921 1267 988 inlusione
1314 920 1642 986 falluntur.
1706 921 2043 986 laudantur
2093 938 2359 1002 namque
2405 919 2685 1002 falsoque
2724 919 2861 983 lau-

601 1027 831 1090 dantur
888 1027 950 1089 et
1007 1028 1284 1104 credunt,
1345 1044 1464 1107 quo
1523 1023 1754 1088 mentis
1809 1024 2041 1088 sanitas
2106 1023 2374 1090 maxime
2446 1022 2860 1105 periclitatur.
2912 1045 2943 1086 5

599 1128 840 1192 accedit
885 1127 965 1192 ad
1009 1127 1123 1193 hoc
1175 1129 1366 1193 etiam
1416 1128 1753 1194 acescentis
1799 1145 2045 1209 semper
2088 1126 2310 1192 liuoris
2356 1125 2643 1202 intentio,
2690 1125 2859 1190 inui-

599 1230 810 1296 dentis
879 1231 1071 1296 animi
1137 1231 1370 1297 crimen
1435 1231 1498 1296 et
1562 1248 1777 1314 poena.
1854 1248 1998 1296 nam
2056 1230 2112 1295 si
2180 1230 2331 1313 quid
2388 1229 2468 1294 ab
2516 1229 2635 1308 his,
2705 1245 2859 1311 quos

600 1332 816 1416 iniquo
874 1333 1193 1400 lacessunt
1251 1333 1412 1409 odio,
1475 1333 1556 1398 ad
1602 1333 1949 1398 utilitatem
1994 1329 2315 1416 publicam
2360 1333 2493 1397 ueri
2536 1332 2861 1414 prodatur,

601 1437 922 1505 diuersum
981 1437 1264 1520 protinus
1319 1436 1673 1516 adstruunt,
1723 1436 1844 1502 etsi
1890 1437 2055 1502 idem
2100 1436 2393 1515 sentiant,
2441 1453 2511 1500 ac
2555 1434 2645 1500 sic
2688 1435 2861 1499 inex-

601 1538 820 1605 hausto
879 1540 1245 1623 firmatoque
1289 1539 1426 1604 odio
1483 1557 1624 1604 cum
1683 1539 1797 1614 his,
1859 1557 2010 1621 quos
2054 1538 2178 1603 sibi
2235 1537 2440 1603 odisse
2496 1537 2860 1602 institutum
2884 1565 2945 1605 ιο

597 1643 713 1728 est,
771 1661 1161 1726 nequaquam
1218 1644 1510 1707 metuunt
1567 1641 1859 1706 ueritatis
1918 1641 2139 1707 fecisse
2198 1642 2524 1707 iacturam.
2600 1643 2861 1705 oderunt

596 1745 797 1830 igitur
839 1747 1209 1828 proximum,
1259 1746 1521 1811 oderunt
1567 1748 1630 1809 et
1662 1747 1865 1810 deum.
1937 1745 2124 1827 atque
2168 1746 2230 1809 in
2261 1743 2362 1809 his
2408 1745 2645 1810 duobus
2680 1761 2859 1826 prae-

605 1851 928 1932 ceptorum
955 1851 1232 1915 omnium
1257 1851 1574 1931 totiusque
1608 1849 1763 1931 legis
1796 1848 2005 1930 spreta
2034 1847 2422 1929 plenitudine
2460 1865 2587 1912 non
2627 1847 2860 1912 miran-

602 1951 757 2017 dum
799 1954 914 2031 est,
962 1953 1018 2016 si
1062 1954 1166 2019 uel
1209 1954 1284 2017 de
1316 1952 1429 2016 deo
1475 1952 1577 2015 uel
1608 1953 1684 2016 de
1729 1950 1979 2015 homine
2024 1950 2211 2034 probe
2260 1968 2385 2015 non
2412 1949 2705 2028 sentiant,
2753 1948 2860 2030 qui

601 2057 939 2136 utrumque
984 2074 1020 2120 a
1053 2074 1118 2120 se
1164 2056 1302 2119 odio
1349 2055 1661 2120 mediante
1710 2054 2137 2140 longinquant.
2201 2054 2307 2118 sed
2340 2055 2496 2118 istoc
2525 2053 2857 2118 eorundem
2880 2079 2941 2120 15

602 2174 977 2238 quamquam
1024 2157 1330 2240 plectibili
1376 2157 1532 2222 uitio
1581 2176 1833 2223 moueor
1878 2159 2118 2241 exilium,
2159 2157 2307 2239 quia
2338 2158 2457 2221 etsi
2488 2154 2860 2220 maliuolen-

597 2260 726 2324 tiae
795 2260 859 2324 in
928 2261 1084 2325 alios
1148 2259 1279 2325 tela
1345 2261 1710 2339 moliuntur,
1779 2262 1900 2345 ipsi
1969 2262 2171 2345 magis
2241 2259 2507 2343 propriis
2577 2256 2859 2323 transfixi

601 2362 836 2428 ictibus
879 2364 1145 2428 uulnera
1183 2382 1339 2446 quae
1383 2365 1610 2429 inferre
1657 2368 1958 2430 conantur
1997 2363 2344 2447 excipiunt:
2392 2380 2659 2444 namque
2688 2363 2859 2428 odio-

601 2485 742 2532 rum
825 2467 1103 2533 stimulis
1191 2469 1524 2535 eorundem
1614 2468 1787 2551 prius
1861 2469 2207 2552 puniuntur
2295 2470 2595 2534 auctores.
2700 2463 2860 2530 illud

801 2669 964 2724 2⁸2³?

706 2858 732 2911 1
771 2857 859 2911 uel
894 2858 1036 2928 quod
1072 2858 1304 2913 ABDF
1490 2861 1701 2913 ratione
1739 2859 1793 2915 G
1986 2860 2021 2913 2
2056 2860 2306 2915 ducentes
2341 2860 2575 2917 DEFG
2600 2860 2724 2915 Sch-

596 2943 844 3011 inperitis
903 2943 956 2998 G
1206 2944 1379 2998 uerba
1432 2961 1564 3029 quae
1616 2946 1849 3009 maxima
1900 2946 2063 2999 turba
2115 2949 2198 3001 est
2250 2947 2553 3001 hexametri
2604 2948 2861 3003 clausula

597 3080 711 3118 esse
765 3064 1040 3119 widentur
1349 3066 1383 3119 4
1435 3038 1712 3134 recip¹oclla
1764 3066 1847 3133 R,
1915 3069 2127 3137 recepta
2180 3067 2240 3133 b,
2311 3058 2451 3123 scil?
2476 3068 2624 3137 quod
2671 3069 2739 3123 in
2790 3070 2864 3125 M

499 3152 518 3173 ⁰
593 3168 975 3236 superscripta
1009 3173 1088 3223 est
1119 3168 1319 3239 glossa:
1378 3168 1588 3223 reddito
1628 3168 1905 3223 mendacio
2149 3168 2437 3224 laudantur
2473 3171 2550 3239 et]
2589 3170 2860 3225 laudanti-

597 3250 698 3304 bus
753 3250 1005 3307 Schottus
1231 3253 1264 3307 6
1315 3253 1510 3308 accidit
1561 3253 1639 3307 M
1852 3253 2027 3309 adhuc
2080 3253 2357 3311 ABHRS
2576 3256 2860 3312 aciscentis

597 3337 890 3405 ABORSn
953 3338 1244 3395 acessentis
1284 3340 1352 3406 G,
1413 3339 1772 3394 adcrescentis
1805 3342 1903 3407 M,
1962 3340 2273 3395 lacessentis
2306 3342 2399 3395 Μ’
2432 3342 2493 3395 in
2528 3358 2718 3413 mae-9„
2763 3343 2863 3399 ubi

593 3422 909 3478 lacessentis
946 3440 1149 3493 semper
1182 3424 1419 3480 intentio
1453 3426 1651 3479 omissa
1687 3440 1819 3479 uoce
1853 3426 2045 3479 liuoris
2083 3431 2289 3492 exstat,
2336 3427 2682 3483 macescentis
2717 3428 2859 3483 coni.

595 3508 852 3563 Schottus
893 3511 958 3564 in
994 3512 1141 3566 nott&
1347 3511 1561 3579 liuoris]
1610 3509 1775 3565 libros
1820 3510 1917 3577 M,
1968 3511 2176 3579 laboris
2222 3511 2280 3567 R
2456 3513 2519 3580 ‚7
2566 3514 2753 3584 animi]
2802 3518 2860 3569 et

593 3594 726 3649 add.
776 3595 834 3651 R
1041 3595 1076 3649 8
1121 3595 1338 3664 iniquos
1387 3594 1676 3651 ΑΒὈἪ,ι
1882 3596 1916 3649 9
1964 3598 2206 3650 sentiant
2251 3596 2325 3650 Μ
2330 3596 2392 3662 b,
2451 3598 2697 3652 sentiunt
2738 3601 2858 3656 rell.

591 3688 646 3736 et
699 3681 821 3737 Βοὴ.
1035 3680 1375 3735 inexhaustro
1426 3682 1482 3735 A
1702 3682 1770 3737 10
1824 3680 2199 3751 offirmatoque
2253 3683 2394 3738 coni.
2447 3683 2721 3739 Barthius

594 3801 660 3855 12
713 3806 768 3855 et
815 3806 946 3857 ante
993 3800 1150 3855 deum
1195 3816 1295 3855 om.
1343 3801 1472 3856 libri
1513 3806 1741 3871 praeter
1786 3802 1862 3855 M
1907 3807 1960 3857 et
2008 3802 2261 3859 Seli-ottus
2472 3805 2536 3860 13
2592 3778 2743 3875 ερέί-,α
2796 3804 2857 3871 S.

591 3919 800 3958 summa
852 3903 884 3958 b
1161 3904 1224 3959 15
1274 3908 1409 3959 istoc
1461 3904 1769 3961 DEFH'S
1818 3905 1911 3972 (cf.
1965 3904 2247 3972 indicem),
2308 3908 2449 3961 istuc
2508 3908 2679 3965 GMR
2714 3909 2857 3975 Sela,

590 3992 701 4045 ista
735 3990 875 4053 AB,
936 3990 1100 4045 istinc
1139 3990 1192 4046 G
1398 3990 1465 4045 16
1499 3992 1844 4061 quamquam]
1878 3994 1993 4046 tam
2038 3992 2089 4047 G
2296 3992 2509 4049 exillins
2543 3994 2870 4050 ABGG¹H

590 4075 716 4141 RS,
789 4092 849 4129 ex
904 4074 1018 4129 illis
1074 4077 1187 4131 Mb
1394 4077 1607 4149 exilius]
1662 4080 1840 4132 tamen
1894 4077 2022 4133 add.
2076 4076 2258 4133 ΒΕΓ
2454 4080 2861 4137 maliuolentiae

590 4178 692 4217 om.
734 4162 788 4217 G
980 4162 1043 4216 17
1080 4163 1190 4217 alio
1227 4163 1338 4217 tela
1374 4164 1431 4230 b,
1493 4163 1630 4250 alios
1666 4163 1803 4217 stela
1837 4165 1905 4218 M
2098 4166 2163 4219 18
2199 4164 2438 4220 hictibus
2474 4166 2530 4221 R
2705 4183 2859 4222 nam-

588 4266 712 4335 que]
749 4281 876 4320 nam
912 4282 1141 4405 {equam
1195 4266 1259 4331 T,
1318 4282 1446 4320 nam
1493 4282 1611 4336 neq.
1659 4266 1715 4321 R
1923 4269 1987 4322 19
2034 4269 2318 4323 earundem
2368 4269 2719 4326 ΑΒῑΗἿιῖΒι

587 4366 738 4420 prius
773 4366 874 4407 om.
