3175 5050
1088 406 1180 459 De
1213 407 1410 460 statu
1445 407 1709 463 animae
1752 408 1781 463 I
1817 410 1866 463 6.
2520 412 2602 479 41

349 595 466 667 est,
523 591 869 674 incorporei
925 611 1175 675 prorsus
1220 594 1427 679 imago
1485 614 1611 661 non
1665 598 1783 662 est.
1862 598 1971 663 sod
2017 599 2358 683 incorporei
2402 601 2611 684 imago

349 696 463 773 est,
507 696 860 781 incorporea
904 697 1101 779 igitur
1144 702 1273 763 est:
1336 717 1480 766 nam
1527 701 1685 781 quia
1721 702 1931 767 creata
1974 706 2091 785 est,
2135 721 2263 768 non
2306 706 2404 769 est
2434 705 2607 781 deus,

351 801 496 880 quia
540 799 746 885 imago
792 801 894 865 dei
939 806 1052 879 est,
1099 819 1222 867 non
1267 806 1362 867 est
1414 822 1658 885 corpus,

1418 1092 1538 1174 VI.

305 1279 539 1339 5QV0D
598 1280 740 1329 CVM
795 1282 986 1330 OMNE
1042 1281 1539 1331 INOORPOREVM
1594 1282 1971 1331 INVISIBILE
2017 1284 2140 1349 SIT,
2186 1286 2331 1333 NON
2375 1285 2613 1335 AVTEM

883 1387 1076 1433 OMNE
1122 1385 1537 1434 CORPOREVM
1589 1386 1888 1435 VISIBILE
1933 1386 2076 1436 EST.

435 1519 556 1585 Sed
602 1521 838 1587 subicis
873 1542 912 1589 a
939 1524 1151 1589 nescio
1197 1523 1444 1606 quibua
1491 1541 1758 1605 quorum
1801 1525 2018 1589 tamen
2061 1524 2388 1590 nominum
2432 1525 2613 1591 nobis

349 1625 643 1690 notitiam
704 1626 994 1708 subripie,
1055 1628 1150 1692 sic
1205 1626 1430 1704 doceri,
1487 1629 1564 1691 ut
1620 1628 1749 1693 alia
1804 1626 2018 1692 dicant
2054 1646 2186 1693 esse
2228 1628 2613 1711 incorporea,

349 1728 476 1793 alia
533 1729 900 1796 inuisibilia.
974 1731 1335 1795 tremendae
1399 1728 1643 1795 scilicet
1708 1729 1974 1812 peritiae
2040 1730 2432 1824 tractatores,
2503 1734 2613 1814 qui

279 1856 332 1896 ιο
350 1848 546 1913 usque
599 1834 680 1898 ad
735 1833 850 1899 hoc
905 1827 1312 1916 penetrauere
1355 1836 1706 1899 secretum:
1767 1832 1823 1898 si
1866 1833 1993 1899 alia
2033 1834 2400 1917 incorporea
2442 1835 2611 1921 sunt,

347 1935 472 2000 alia
513 1934 880 2016 inuisibilia,
937 1956 1086 2022 ergo
1143 1939 1502 2021 incorporea
1555 1956 1677 2003 non
1722 1942 1871 2003 sunt
1914 1937 2285 2005 inuisibilia.
2361 1939 2615 2023 postpo-

324 2038 626 2105 nendum
669 2044 765 2105 est
808 2041 1010 2124 igitur
1053 2041 1489 2124 incorporeum
1533 2040 1707 2106 omni
1750 2058 2063 2124 corporeo,
2110 2043 2255 2123 quia
2298 2042 2458 2108 dicit
2502 2061 2616 2125 per

351 2145 705 2224 apostolum
774 2145 1046 2211 ueritas:
1111 2163 1310 2227 quae
1375 2145 1788 2224 uidentur,
1858 2145 2333 2228 temporalia
2393 2147 2610 2226 sunt,

349 2264 549 2328 quae
601 2250 861 2312 autem
919 2266 1064 2312 non
1118 2249 1529 2326 uidentur,
1589 2250 1921 2313 aeterna
1975 2248 2181 2313 sunt.
2262 2266 2485 2313 uerum
2538 2252 2612 2313 tu

283 2375 332 2415 ιε
349 2350 710 2415 creatricem
769 2352 1170 2432 creatamque
1221 2349 1645 2416 substantiam
1689 2349 1783 2417 ita
1825 2349 2145 2432 discernis,
2191 2352 2265 2415 ut
2308 2350 2435 2416 alia
2478 2351 2611 2416 sint

351 2451 728 2535 incorporea,
789 2452 920 2519 alia
961 2453 1321 2519 inuisibilia.
1398 2451 1715 2519 inuisibile
1758 2452 1957 2538 igitur
2000 2471 2185 2517 omne
2230 2470 2611 2538 corporeum,

350 2559 414 2620 et
469 2556 898 2641 incorporeum
955 2575 1138 2622 omne
1194 2556 1466 2622 uisibile.
1539 2555 1688 2621 istic
1746 2559 1991 2640 egomet
2043 2557 2241 2622 audeo
2286 2557 2613 2642 sciscitari,

349 2656 766 2726 inuisibilisne
840 2661 923 2724 sit
1003 2660 1156 2725 deus
1230 2679 1388 2725 anne
1455 2659 1729 2724 nisibilis
1742 2663 1776 2725 9
1856 2659 1913 2724 si
1978 2676 2335 2742 corporeum
2404 2679 2612 2743 negari,

352 2761 669 2830 uisibilem
729 2781 852 2828 non
911 2781 1183 2830 recusas,
1256 2763 1313 2828 si
1354 2762 1748 2829 inuisibilcm
1797 2761 1970 2843 dicia,
2018 2779 2380 2846 corporeum
2426 2764 2616 2829 confi-

278 2894 332 2936 πο
350 2868 519 2932 teris,
594 2866 938 2933 secundum
1000 2866 1162 2934 hanc
1221 2884 1366 2952 ergo
1434 2867 1835 2946 sententiam,
1903 2884 2061 2949 quae
2126 2865 2247 2932 tibi
2312 2866 2615 2950 nobisque

351 2969 438 3034 sit
482 2969 720 3052 procul,
785 2972 1077 3037 aeternus
1120 2969 1464 3038 inuisibilis
1505 2971 1909 3054 incorporeus
1956 2971 2105 3036 deus
2162 2971 2272 3035 aut
2328 2968 2616 3052 incorpo-

559 3193 625 3247 13
665 3193 726 3248 11
763 3193 883 3249 Cor.
918 3193 969 3259 4,
1008 3194 1074 3248 18

456 3400 481 3453 1
533 3396 594 3450 in
629 3411 846 3466 corpore
893 3396 948 3452 G
1151 3395 1261 3467 sed]
1301 3397 1349 3452 si
1390 3396 1457 3463 G,
1518 3396 1611 3450 sed
1647 3396 1698 3449 si
1732 3395 2023 3451 ABDEF
2227 3393 2263 3448 2
2305 3394 2365 3449 in
2399 3349 2616 3464 corpore

354 3492 407 3548 G
612 3491 802 3562 igitur]
851 3507 955 3579 nou
990 3491 1120 3546 add.
1156 3491 1213 3548 R
1418 3493 1562 3547 hanc
1598 3490 1893 3560 periodum
1936 3490 2015 3546 sic
2058 3489 2402 3545 scribendam
2436 3495 2616 3545 censet

349 3615 652 3670 Barthius:
708 3615 758 3668 si
810 3615 990 3684 imago
1043 3611 1130 3667 dei
1182 3615 1267 3667 est
1316 3612 1554 3668 humana
1606 3613 1810 3676 anima,
1863 3612 2163 3682 incorporei
2219 3613 2304 3666 est
2357 3610 2617 3665 uidelicet

350 3710 550 3778 imago.
600 3709 649 3762 si
683 3709 978 3778 incorporei
1013 3709 1096 3762 est
1130 3708 1326 3776 image,
1367 3708 1674 3776 incorporea
1710 3706 1899 3774 utique
1934 3709 1991 3760 et
2023 3706 2143 3775 ipsa
2176 3708 2261 3760 est
2469 3704 2500 3757 7
2545 3720 2615 3759 an

351 3795 460 3850 BG
491 3795 556 3850 in
589 3809 700 3849 ras·
713 3832 726 3859 ,
787 3802 820 3850 a
851 3794 929 3849 M
1118 3795 1395 3848 nominum
1432 3793 1590 3848 uncis
1624 3792 1852 3848 inclusit
1888 3790 2141 3846 Schottus
2336 3790 2617 3846 nominum

349 3886 530 3936 tamen
567 3879 614 3935 S
767 3881 802 3934 8
839 3879 1078 3950 subrepis
1113 3878 1466 3946 ABGMRb,
1527 3879 1753 3947 surripis
1789 3877 1837 3933 S
1988 3878 2023 3931 9
2058 3878 2321 3932 coactores
2355 3876 2485 3931 12²8

351 3968 419 4021 10
466 3981 631 4036 usque
665 3966 733 4020 ad
778 3981 879 4020 om.
929 3966 982 4022 G
1187 3964 1530 4036 penetrabcre
1574 3964 1634 4019 R
1842 3964 1907 4019 12
1953 3978 2164 4031 corpore
2208 3962 2346 4029 AB,
2406 3964 2616 4032 corpori

348 4051 580 4108 DEFP
749 4051 815 4106 13
850 4051 1065 4104 uidetur
1093 4052 1150 4108 R.
1325 4051 1392 4105 15
1426 4053 1773 4120 creatumque
1793 4050 1852 4106 R
2026 4048 2090 4102 17
2125 4047 2403 4102 inuisibile
2429 4065 2475 4118 p

2491 4134 2529 4164 ln

349 4175 458 4228 ista
492 4173 774 4228 ABDFP
971 4174 1215 4242 ergomet
1250 4171 1308 4226 R
1513 4170 1767 4225 suscitari
1800 4171 1833 4224 b
2045 4167 2110 4222 18
2153 4183 2222 4222 an
2249 4183 2295 4237 p
2500 4183 2615 4222 cor·

351 4274 568 4328 porcum
603 4259 659 4313 B
856 4259 924 4313 19
957 4257 1232 4312 uisibilem
1271 4258 1324 4314 G
1513 4256 1876 4326 incorporeum
1915 4255 1969 4311 G
2162 4253 2235 4310 20
2266 4253 2615 4324 sententiam]

351 4349 502 4400 tuam
534 4344 662 4399 add.
700 4343 948 4400 Schottue
