3175 5050
595 466 805 512 XXIIII

597 635 796 701 tutius
840 634 1090 700 uidetur
1132 635 1202 700 in
1245 634 1625 718 reliquorum
1666 634 1974 700 librorum
2003 637 2311 715 scriptura
2344 645 2565 713 capere
2598 631 2847 714 acquie-

596 756 784 804 scere.
809 773 894 784 -
922 737 1063 813 105,
1101 737 1186 802 24
1215 737 1274 802 si
1301 737 1376 801 in
1393 757 1521 818 pro
1549 756 1683 803 non
1720 737 2039 820 (adnerbio
2068 736 2209 801 add.
2242 734 2337 820 M)
2370 734 2526 815 forte
2544 734 2844 818 posuisti,

597 844 669 904 nt
711 840 1181 920 incorporatam
1215 859 1340 922 pro
1385 860 1516 904 non
1557 843 1957 922 corporatam
1999 839 2162 903 nelis
2204 837 2514 919 intelleyi:
2572 837 2637 902 in
2682 839 2845 902 notis

597 942 833 1008 criticis
885 943 1387 1009 additamentum
1431 943 1665 1008 codicis
1710 945 1781 1008 M
1824 942 2167 1026 genuinum
2212 944 2278 1006 et
2320 961 2454 1006 non
2512 940 2846 1006 delendum

595 1065 728 1110 esse
794 1045 1142 1127 suspicatus
1210 1064 1380 1110 eram
1447 1046 1589 1111 coll.
1662 1044 1804 1126 106,
1861 1045 1904 1110 5
1977 1043 2084 1109 sin
2143 1047 2352 1110 antem
2413 1043 2601 1108 istius
2674 1043 2847 1107 modi

587 1148 1062 1234 praepositione
1103 1147 1480 1229 simpliciter
1521 1167 1678 1214 usus
1721 1167 1803 1226 es,
1849 1148 1913 1212 et
1957 1149 2149 1212 etiam
2190 1166 2375 1225 nunc,
2424 1149 2477 1211 si
2520 1166 2653 1211 non
2682 1147 2748 1212 in
2778 1149 2847 1214 M

595 1252 860 1330 abesset,
916 1250 1006 1314 ita
1057 1269 1388 1329 censerem,
1457 1252 1529 1316 ut
1581 1251 1877 1316 adnerbio
1920 1251 2257 1334 genuinam
2303 1250 2648 1333 lectionem,
2714 1270 2847 1314 non

595 1355 867 1437 glossam
927 1358 1280 1435 temporum
1341 1353 1603 1417 decursu
1649 1371 1761 1434 pro
1805 1353 1917 1416 illa
1958 1352 2027 1416 in
2071 1353 2310 1417 textum
2356 1352 2667 1417 intrusam
2710 1371 2845 1416 esse

597 1457 957 1522 statuerem.
1003 1457 1109 1520 sed
1157 1474 1298 1520 cum
1343 1456 1566 1522 uocula
1594 1474 1725 1519 non
1756 1454 2043 1520 omnibus
2076 1455 2257 1519 libris
2289 1458 2593 1535 tradatur,
2638 1457 2844 1536 potius

593 1559 892 1624 adnerbio
951 1559 1284 1642 glossatori
1342 1559 1552 1624 deberi
1607 1557 2037 1625 iudicauerim.
2082 1593 2168 1605 —
2216 1559 2360 1635 106,
2411 1560 2490 1623 15
2534 1559 2637 1622 sin
2693 1579 2841 1624 nero

592 1662 988 1728 scribendum
1034 1663 1128 1726 est
1179 1663 1325 1744 (non
1368 1662 1427 1726 si
1469 1679 1619 1726 aero
1665 1680 1809 1726 cum
1850 1659 1971 1744 M),
2020 1661 2245 1743 quippe
2290 1662 2452 1744 quod
2499 1663 2692 1726 etiam
2738 1661 2839 1746 69,

589 1764 694 1829 21.
741 1765 842 1842 86,
876 1765 978 1828 25.
1029 1765 1170 1843 158,
1205 1765 1308 1830 15.
1367 1765 1512 1842 182,
1542 1765 1581 1829 3
1613 1767 1879 1848 legatur.
1908 1801 1993 1812 —-
2027 1765 2169 1838 110,
2202 1765 2289 1830 20
2316 1765 2582 1829 formam
2610 1764 2843 1830 harum

595 1888 736 1934 cum
779 1869 849 1933 M
893 1887 1004 1951 pro
1049 1887 1265 1932 earnm
1311 1869 1450 1933 dedi
1483 1867 1584 1950 (in
1614 1867 1847 1932 haram
1875 1866 2261 1932 discussione
2290 1886 2647 1946 cansarum,
2685 1889 2843 1950 qaae

589 1975 810 2051 suapte
855 1974 1095 2034 natura
1139 1974 1272 2034 tam
1333 1969 1546 2034 clarae
1600 1974 1752 2034 sant
1796 1970 1966 2053 etc),
2014 1971 2306 2052 quoniam
2332 1973 2693 2054 pronomine
2738 1969 2841 2036 hic

587 2077 732 2138 ante
790 2073 1182 2137 enuntiatum
1240 2072 1576 2138 relatiuum
1636 2073 1764 2137 fere
1810 2077 2167 2138 constanter
2212 2074 2415 2139 utitur
2460 2074 2838 2139 Claudianus

587 2194 696 2258 pro
749 2175 825 2239 is.
899 2179 1002 2242 sed
1047 2175 1431 2259 reliquorum
1495 2176 1794 2241 librorum
1860 2177 1925 2240 in
1974 2179 2105 2242 eius
2151 2179 2323 2242 modi
2366 2178 2650 2242 minutiis
2694 2197 2839 2244 con·

585 2296 836 2343 sensum
891 2279 1017 2343 iam
1075 2279 1218 2344 nolo
1276 2277 1623 2360 neglegere.
1676 2314 1759 2324 --
1808 2279 1948 2357 110,
2013 2281 2091 2344 21
2152 2299 2379 2343 causae
2434 2285 2569 2344 tam
2626 2281 2839 2346 clarae

582 2386 750 2466 sant,
822 2385 897 2445 at
960 2379 1284 2446 obscurari
1338 2380 1559 2462 potins
1623 2379 2057 2459 disputatione
2122 2381 2499 2448 uideantur.-
2566 2383 2633 2448 M
2699 2387 2837 2467 post

581 2484 1010 2566 disputatione
1040 2484 1215 2551 addit
1245 2483 1519 2565 minime,
1553 2484 1716 2567 quod
1742 2483 2035 2550 Schottus
2065 2485 2131 2549 in
2160 2485 2415 2549 minata
2442 2486 2835 2564 immutauit‚

583 2606 694 2670 ego
740 2592 812 2652 ut
857 2588 1068 2651 nimia
1111 2588 1484 2653 scriberetur
1527 2588 1695 2652 suasi
1744 2587 2087 2669 (Hartelius
2130 2588 2463 2671 mihimet).
2542 2592 2649 2654 sed
2702 2590 2835 2655 dis-

572 2690 910 2771 putatione
956 2689 1260 2755 adiectiuo
1305 2709 1425 2755 non
1471 2690 1682 2755 addito
1740 2692 1975 2772 optime
2020 2692 2168 2757 ferri
2212 2710 2388 2774 posse
2436 2692 2671 2757 eertum
2718 2698 2834 2772 est,

582 2811 771 2874 quam
814 2792 889 2857 ob
935 2812 1072 2857 rem
1108 2810 1232 2856 non
1264 2794 1374 2866 est,
1422 2812 1532 2857 cur
1575 2792 1727 2857 libri
1760 2793 1831 2857 M
1860 2793 2246 2875 scripturam,
2278 2786 2644 2875 praesertim
2690 2814 2835 2860 cum

585 2895 709 2959 nisi
769 2914 906 2961 eam
963 2893 1397 2959 immutaueris
1454 2895 1622 2959 stare
1670 2895 1917 2960 omnino
1962 2914 2081 2963 non
2128 2896 2343 2977 possit,
2391 2898 2831 2979 praeferamus

576 2997 707 3061 iam
779 3016 923 3061 uero
997 2999 1116 3063 iste
1193 2998 1367 3063 locus
1439 2998 1721 3063 nonnihil
1797 2998 2033 3063 confert
2098 3002 2175 3064 ad
2254 2999 2526 3064 alterum
2599 3000 2833 3066 rectius

577 3099 1084 3183 intellegendum.
1153 3101 1256 3183 88,
1295 3102 1372 3165 19
1400 3102 1472 3165 M
1502 3104 1787 3181 praebet:
1818 3100 1943 3165 scio
1986 3105 2197 3165 autem
2226 3100 2393 3165 hanc
2422 3102 2687 3167 eandem
2717 3104 2831 3186 (sc.

581 3201 1040 3285 longitudinem
1056 3203 1194 3268 sine
1215 3202 1578 3284 latitudine)
1604 3203 1842 3284 liquido
1865 3204 2143 3285 conspici
2164 3223 2297 3268 non
2319 3223 2445 3269 esse
2468 3202 2831 3293 multorum,

577 3327 769 3389 qnam
813 3326 954 3373 cnm
999 3296 1299 3371 Marcius
1342 3326 1580 3388 quoqne
1627 3306 2045 3388 philosophas
2088 3312 2343 3389 neyaret
2388 3308 2829 3373 mathematico

575 3410 857 3477 Adrasto
901 3430 965 3474 se
1009 3410 1243 3485 nidere,
1291 3430 1432 3475 cnm
1477 3410 1682 3473 lineas
1725 3409 2057 3490 fabrorum
2085 3410 2349 3474 minime
2377 3412 2637 3491 uideret,
2686 3412 2827 3477 rell.

575 3514 838 3578 minime
893 3514 1215 3578 omittunt.
1281 3531 1354 3576 ex
1397 3513 1680 3590 minime,
1743 3514 1904 3595 quod
1966 3514 2174 3577 sensui
2233 3514 2443 3595 aperte
2500 3518 2828 3598 repugnat,

575 3617 898 3683 Hartelius
966 3619 1272 3701 sagaciter
1337 3617 1550 3682 elicuit
1614 3616 1833 3693 nimie,
1905 3618 2069 3698 quod
2123 3616 2192 3680 in
2247 3618 2490 3681 textum
2560 3620 2831 3703 recipere

573 3739 696 3785 non
755 3718 1060 3785 dubitaui.
1137 3719 1245 3784 sed
1290 3720 1346 3784 si
1392 3721 1580 3784 etiam
1630 3721 1773 3805 110,
1819 3714 1899 3785 21
1947 3719 2211 3783 minime
2254 3720 2717 3803 peruersissime
2760 3724 2830 3787 in

573 3823 643 3887 M
686 3823 971 3888 additum
1018 3841 1170 3903 esse,
1237 3824 1344 3888 ubi
1389 3823 1563 3889 nullo
1610 3824 1695 3888 sit
1745 3840 1897 3905 opus
1944 3823 2392 3899 additamento,
2437 3828 2825 3907 reputamuS,

572 3924 706 3989 loco
765 3925 842 3990 de
913 3944 1032 4007 quo
1098 3927 1342 4009 agimus
1398 3945 1507 4008 per
1565 3926 1828 3992 eandem
1885 3926 2347 4009 interpolatoris
2392 3924 2717 3991 inscitiam
2762 3932 2828 3992 et

573 4027 790 4093 iudicii
835 4030 1262 4094 oscitationem
1309 4030 1597 4095 uoculam
1640 4029 1849 4094 sensui
1892 4048 2147 4111 prorsus
2178 4028 2615 4093 aduersantem
2646 4029 2829 4093 addi·

571 4131 704 4195 tam
763 4148 892 4197 esse
948 4132 1302 4197 statuamus
1362 4134 1623 4213 oportet.
1670 4168 1754 4178 —
1802 4132 1946 4210 111,
1992 4133 2033 4197 3
2076 4132 2149 4195 in
2194 4130 2358 4195 illud
2402 4152 2577 4197 nnnc
2621 4134 2829 4214 mayis

573 4232 704 4298 nisi
731 4237 1073 4301 contemnis
1101 4236 1405 4300 aduertas
1439 4236 1554 4317 (M,
1587 4230 1846 4299 aduerte
1877 4236 1955 4312 Gr,
1986 4235 2274 4300 adnertes
2306 4234 2469 4317 rell.)
2502 4236 2825 4301 animam:

573 4334 852 4403 futurum
916 4356 1026 4422 pro
1092 4338 1470 4421 imperatiuo
1538 4338 1707 4403 haud
1765 4356 1904 4403 raro
1962 4336 2251 4403 adhiberi
2308 4338 2569 4414 constat,
2638 4356 2829 4419 quare
