3175 5050
715 445 842 510 186
1486 442 1855 498 Claudiani
1890 443 2208 500 Mamerti

1551 633 1613 698 3.
1659 633 1767 698 De
1809 632 2131 698 ratione.

798 773 963 837 Item
1018 772 1430 838 ratiocinatur
1487 770 1696 836 anima
1733 771 2074 837 rationalis
2134 774 2197 836 et
2254 771 2757 838 substantialiter
2810 773 2947 838 inest

711 876 960 942 animae
1024 875 1384 942 ratiocinari
1455 875 1521 938 et
1575 873 1737 939 ratio
1802 875 2209 958 incorporalis
2266 877 2454 958 atque
2508 874 2791 941 inlocalis
2844 880 2945 940 est:

711 978 911 1061 igitur
953 977 1360 1062 incorporalis
1405 979 1501 1041 est
1551 979 1784 1043 anima.

1494 1149 1556 1214 4.
1602 1149 1709 1216 De
1760 1149 2191 1218 uoluntate.
2974 1168 2993 1208 ⁵

795 1287 961 1352 Item
1019 1288 1311 1352 uoluntas
1369 1288 1617 1352 animae
1674 1287 2032 1354 substantia
2092 1288 2225 1352 eius
2284 1293 2380 1353 est
2427 1291 2507 1368 et,
2555 1288 2608 1354 si
2652 1291 2793 1354 tota
2834 1287 2951 1353 uult

705 1391 940 1474 anima,
997 1391 1134 1456 tota
1189 1394 1480 1456 uoluntas
1539 1397 1635 1456 est
1696 1394 1760 1456 et
1811 1392 2101 1456 uoluntas
2149 1409 2371 1473 corpus
2416 1410 2539 1457 non
2598 1393 2727 1458 est:
2784 1393 2950 1477 igitur

705 1494 921 1560 anima
965 1513 1088 1559 non
1137 1498 1231 1559 est
1275 1513 1512 1576 corpus.

1512 1671 1572 1734 5.
1624 1667 1726 1731 De
1777 1668 2166 1732 memoria.

791 1805 958 1870 Item
1015 1805 1317 1870 memoria
1369 1805 1657 1870 inlocalis
1716 1805 2021 1886 quaedam
2080 1804 2397 1887 capacitas
2456 1806 2569 1885 est,
2640 1824 2802 1888 quae
2860 1824 2949 1869 nec
2962 1826 2997 1865 ιο

705 1907 1118 1973 multitudine
1164 1907 1643 1973 recordabilium
1702 1907 2083 1972 distenditur
2139 1926 2253 1972 nec
2308 1907 2633 1990 paucitate
2678 1911 2949 1974 tenuatur

705 2016 772 2076 et
845 2011 1310 2092 incorporaliter
1381 2011 1575 2075 etiam
1666 2010 2079 2092 corporalium
2152 2013 2598 2078 reminiscitur.
2692 2014 2762 2077 et
2834 2030 2951 2076 cum

706 2113 998 2178 meminit
1073 2113 1337 2192 animus,
1409 2114 1582 2178 totus
1651 2113 1940 2177 meminit
1999 2116 2063 2176 et
2118 2116 2288 2178 totus
2357 2115 2663 2179 memoria
2716 2116 2815 2180 est
2867 2114 2952 2197 qui

699 2217 992 2282 meminit
1035 2219 1207 2281 totus
1253 2217 1317 2281 et
1358 2216 1662 2280 memoria
1705 2234 1923 2298 corpus
1968 2233 2091 2280 non
2136 2222 2260 2281 est:
2320 2236 2444 2283 non
2502 2217 2705 2302 igitur
2752 2236 2949 2300 corpus

659 2340 673 2355 ·
705 2322 805 2384 est
857 2320 1120 2386 animus.
2963 2339 2997 2378 a

1576 2424 1638 2490 6.
1687 2425 1791 2523 De
1847 2425 2013 2487 tact
2032 2441 2095 2488 u,

789 2562 953 2627 Item
1021 2580 1240 2644 corpus
1299 2562 1365 2626 in
1422 2566 1599 2646 parte
1660 2562 1759 2627 sui
1802 2564 2046 2627 tactum
2092 2563 2182 2629 ibi
2226 2564 2438 2642 sentit,
2506 2562 2616 2629 ubi
2662 2565 2949 2647 tangitur,

699 2666 950 2732 animus
1017 2667 1231 2731 autem
1297 2684 1408 2748 per
1475 2683 1597 2731 non
1663 2670 1867 2731 totum
1930 2684 2168 2750 corpus,
2228 2666 2343 2731 hoc
2400 2671 2495 2731 cst
2552 2687 2665 2750 per
2726 2670 2951 2750 partem

702 2770 973 2851 corporis
1017 2772 1188 2835 totus
1234 2771 1444 2850 sentit,
1514 2770 1699 2834 huius
1746 2770 1915 2834 modi
1951 2789 2097 2835 uero
2144 2788 2359 2835 sensus
2404 2770 2697 2836 inlocalis
2759 2774 2854 2837 est
2902 2774 2951 2833 et

702 2890 887 2937 omne
958 2872 1220 2939 inlocale
1293 2874 1724 2965 incorporeum
1792 2876 1923 2939 est:
1994 2874 2350 2957 incorporea
2418 2892 2566 2959 ergo
2612 2878 2711 2939 est
2772 2873 2999 2939 omnis„

701 2994 934 3042 anima.

1290 3096 1348 3161 7.
1393 3097 1499 3161 De
1545 3114 1870 3161 accessu
1912 3116 1998 3161 ac
2042 3115 2379 3161 recessu.

786 3233 947 3299 Item
995 3251 1215 3316 corpus
1258 3252 1373 3299 nec
1415 3233 1869 3317 adpropinquat
1912 3234 2026 3300 deo
2082 3252 2199 3300 nec
2257 3234 2493 3299 recedit
2540 3252 2581 3297 a
2623 3234 2760 3315 deo,
2838 3234 2953 3298 ani-

699 3356 840 3403 mus
884 3340 1098 3402 autem
1145 3338 1210 3402 et
1263 3340 1572 3420 proximat
1617 3343 1681 3402 et
1724 3336 2099 3422 longinquat
2155 3336 2541 3401 inlocaliter:
2588 3336 2793 3421 igitur
2834 3336 2952 3402 ani·

695 3460 838 3507 mus
886 3454 1109 3524 corpus
1153 3457 1275 3505 non
1321 3442 1436 3507 est.
2696 3450 2703 3459 ·
2963 3463 2997 3503 a

1577 3596 1637 3663 8.
1682 3595 1791 3660 De
1844 3595 2077 3659 motu.

783 3730 946 3797 Item
993 3748 1204 3813 corpus
1249 3733 1539 3797 mouetur
1583 3750 1695 3814 per
1727 3732 1955 3812 locum,
1994 3733 2239 3795 animus
2286 3732 2498 3795 autem
2544 3748 2654 3813 per
2697 3729 2950 3794 eundem

696 3853 822 3899 non
866 3837 1183 3900 mouetur:
1230 3836 1480 3901 animus
1523 3835 1721 3917 igitur
1764 3851 1885 3898 non
1934 3835 2028 3898 est
2072 3850 2313 3916 corpus·

800 4125 835 4178 2
887 4127 1191 4179 rationatur
1239 4123 1346 4180 RS
1588 4122 1933 4177 rationabilis
1984 4122 2042 4177 R
2298 4121 2333 4175 3
2386 4121 2653 4175 rationari
2705 4120 2831 4175 AS²

695 4212 764 4265 12
802 4210 1273 4278 incorporabiliter
1305 4212 1388 4275 A,
1447 4209 1794 4278 corporaliter
1832 4209 1886 4265 G·
2056 4207 2469 4277 incorporalium
2506 4207 2562 4261 B
2738 4208 2804 4261 13
2840 4204 2951 4273 quia

696 4298 745 4353 S
946 4297 1012 4349 17
1059 4300 1242 4365 partes
1285 4294 1679 4351 AB¹DEFH¹
1882 4294 1964 4348 ibi
2009 4308 2108 4348 om.
2154 4292 2200 4348 S
2398 4294 2466 4347 18
2500 4295 2683 4347 autem
2718 4308 2819 4347 om.
2855 4288 2952 4345 AB

692 4382 924 4439 DEFR
949 4382 1069 4437 Βοὴ.
1276 4397 1382 4435 non
1419 4397 1510 4450 per
1543 4382 1605 4435 D
1812 4380 1881 4435 22
1917 4380 2147 4449 accessu]
2186 4394 2335 4434 cassu
2369 4377 2669 4433 ABCH¹R
