3175 5050
609 447 699 513 54
1383 444 1753 501 Claudiani
1788 444 2108 501 Mamerti

612 638 762 703 sunt
804 635 870 701 in
915 635 1088 702 caelo
1134 635 1442 719 quaedam
1463 652 1619 718 quae
1649 634 1783 701 sola
1812 639 1963 701 sunt
1993 652 2259 717 corpora.
2330 634 2526 719 igitur
2554 635 2869 701 euidenter

612 739 891 807 ostendit
949 739 1200 805 nullum
1255 756 1473 821 corpus
1533 738 1881 820 quamlibet
1922 757 2284 823 supremum
2326 740 2482 820 loco,
2530 740 2868 822 quamlibet

612 844 833 927 potens
876 847 1055 907 motu
1099 842 1482 924 incorporeis
1527 859 1707 923 posse
1738 840 2053 927 praeponi.
2128 859 2375 907 rursum
2420 843 2487 907 in
2519 843 2864 925 conparati·

613 964 730 1011 one
773 945 1037 1029 gradum
1079 944 1316 1010 faciens
1359 944 1548 1011 dicit:
1603 945 1753 1011 adeo
1786 943 2019 1010 diuinis
2048 943 2367 1010 hominem
2400 947 2722 1027 conparari
2740 964 2868 1011 non

612 1067 815 1134 posse,
860 1050 932 1113 ut
974 1066 1088 1113 nec
1131 1047 1388 1132 angelus
1431 1047 1647 1130 possit.
1712 1047 2011 1114 discernit
2040 1052 2360 1130 praeterea
2390 1066 2613 1131 corpus
2645 1048 2707 1113 et
2738 1065 2867 1113 car-
2904 1068 2926 1108 ⁵

615 1170 779 1236 nem,
826 1153 973 1235 quia
1017 1170 1160 1219 cum
1204 1152 1406 1218 omnis
1453 1170 1595 1217 caro
1642 1152 1833 1218 etiam
1879 1169 2097 1235 corpus
2142 1152 2247 1235 sit,
2291 1170 2413 1217 non
2444 1171 2627 1218 omne
2656 1170 2867 1233 corpus

613 1256 710 1321 est
741 1272 903 1321 care.
977 1255 1141 1321 unde
1169 1254 1519 1337 apostolus:
1565 1254 1728 1320 alia
1772 1272 1953 1322 caro
1998 1255 2439 1337 uolucrum,
2487 1254 2653 1320 alia
2694 1272 2869 1319 caro

615 1358 984 1441 piscium,
1031 1358 1193 1424 alia
1237 1358 1493 1423 autem
1539 1357 1957 1426 hominum.
2024 1358 2100 1423 et
2130 1376 2457 1441 corpora
2486 1357 2873 1423 caelestia

615 1465 696 1526 et
741 1478 1066 1543 corpora
1109 1451 1568 1539 terrestria,
1632 1462 1951 1529 euidenter
1997 1462 2330 1527 ostendens
2374 1462 2694 1525 terrenum
2744 1478 2872 1525 cor-

616 1584 733 1649 pus
777 1566 970 1631 etiam
1015 1583 1265 1631 carnem
1309 1566 1460 1643 fore,
1522 1565 1787 1631 caeleste
1844 1583 1993 1630 uero
2047 1583 2170 1630 non
2214 1565 2410 1631 etiam
2454 1583 2725 1631 carnem.
2802 1582 2872 1628 ne
2888 1583 2932 1624 ιο

618 1668 780 1735 forte
845 1669 945 1734 hic
1009 1668 1215 1752 aptari
1282 1666 1611 1735 conueniat
1669 1666 1831 1734 illud
1891 1670 2051 1753 quod
2108 1670 2369 1733 eundem
2425 1667 2875 1751 Hieronymum

619 1772 821 1837 dicere
849 1772 1166 1837 meminit:
1212 1772 1488 1854 globos
1532 1770 1879 1836 siderum
1924 1771 2387 1854 corporatos
2432 1788 2603 1835 esse
2646 1769 2875 1854 spiri-

618 1876 749 1940 tus
818 1874 1345 1954 arbitrantur,
1412 1877 1487 1939 ut
1539 1873 1677 1955 ipsa
1734 1873 1940 1938 sidera
1996 1875 2129 1939 siue
2194 1874 2561 1957 angelorum
2629 1890 2875 1954 corpora

619 1996 875 2062 corpora
915 1979 1132 2062 utique
1175 1979 1468 2045 caelestia
1509 1980 1659 2062 sint,
1714 1996 1861 2044 cum
1904 1977 2002 2043 illi
2047 1977 2305 2060 spiritus
2338 1979 2444 2061 qui
2487 1976 2631 2043 istis
2663 1992 2876 2059 corpo-

621 2080 747 2145 rati
793 2084 939 2145 sunt
993 2081 1262 2164 corporei
1307 2100 1431 2146 non
1473 2082 1623 2159 sint,
1656 2080 1824 2145 sicut
1854 2082 1919 2146 et
1948 2082 2134 2145 deum
2167 2078 2433 2145 dicimus
2464 2078 2873 2155 incarnatum,
2893 2096 2931 2139 1⁵

624 2185 690 2249 et
743 2182 912 2249 sicut
965 2182 1106 2265 ipsa
1161 2184 1374 2249 anima
1415 2183 1689 2248 humana
1728 2184 2096 2249 incarnatur
2138 2183 2373 2266 utique,
2421 2200 2568 2247 cum
2606 2180 2875 2247 admini-

621 2287 945 2353 strandam
1003 2287 1264 2368 suscipit
1325 2304 1597 2351 carnem.
1674 2286 1773 2351 cui
1818 2284 2164 2368 quamlibet
2208 2284 2370 2351 illud
2412 2284 2679 2362 accidat,
2728 2286 2877 2368 quod

622 2380 935 2473 scriptura
1005 2391 1275 2457 testatur
1347 2390 1589 2455 dicens:
1678 2407 1953 2472 corpus
2036 2389 2236 2472 quod
2310 2388 2877 2470 corrumpitur,

626 2494 1011 2578 adgrauat
1072 2492 1440 2571 animam,
1501 2509 1626 2557 non
1674 2492 1882 2558 tamen
1930 2493 2188 2558 eandem
2234 2493 2297 2557 in
2343 2508 2563 2575 corpus
2602 2490 2879 2557 conuerti

625 2599 997 2663 credendum
1058 2601 1174 2675 est,
1235 2596 1584 2678 quamlibet
1636 2596 1907 2677 pondere
1966 2595 2165 2660 carnis
2225 2597 2532 2678 oneretur,
2592 2595 2740 2677 quia
2774 2613 2937 2660 necno

625 2716 844 2780 corpus
900 2717 1174 2782 unquam
1231 2699 1296 2764 in
1342 2698 1588 2764 animae
1644 2699 1935 2763 naturam
1980 2696 2490 2776 commutabitur,
2538 2698 2881 2781 quamlibet

627 2803 845 2867 eadem
904 2805 1237 2886 uegetante
1297 2802 1643 2878 moueatur,
1704 2801 1984 2884 alioquin
2040 2820 2165 2867 non
2223 2803 2341 2868 erit
2408 2819 2650 2884 corpus.
2728 2801 2882 2867 unde

835 3007 865 3060 7
912 3006 942 3061 I
977 3005 1095 3061 Cor.
1137 3007 1221 3072 15,
1255 3006 1322 3060 39
1341 3023 1419 3076 sq.
1626 3005 1693 3060 18
1730 3005 1852 3075 Sap.
1888 3007 1938 3071 9,
1979 3007 2045 3060 15

734 3197 763 3249 1
801 3194 932 3264 sola]
971 3193 1150 3248 damla
1185 3194 1240 3248 B
1426 3194 1600 3248 uerba
1635 3210 1770 3263 quae
1806 3195 1923 3248 sola
1956 3196 2088 3247 sunt
2122 3207 2342 3262 corpora
2376 3193 2618 3250 Barthio
2639 3200 2886 3265 suspecta

629 3285 682 3335 et
715 3281 1282 3350 ‘transpositiwnctda’
1317 3281 1580 3336 sananda
1614 3280 1887 3335 uidentur
2076 3279 2109 3333 2
2144 3280 2286 3334 nulli
2321 3281 2457 3346 Mb,
2518 3281 2716 3336 nullibi
2752 3280 2886 3337 coni.

629 3367 904 3421 Bar-thius
1107 3368 1142 3422 3
1195 3370 1336 3421 nutu
1388 3367 1458 3421 M
1463 3367 1496 3420 b
1702 3367 1955 3436 praeponi
2006 3365 2080 3420 M
2089 3367 2121 3422 b
2146 3366 2264 3421 Sch.
2278 3405 2293 3432 ,
2356 3366 2582 3435 conponi
2637 3368 2753 3424 rell.

628 3455 689 3509 in
725 3453 799 3508 M
805 3454 863 3520 b,
923 3469 985 3508 ex
1019 3454 1139 3508 rell.
1179 3459 1230 3510 et
1265 3453 1383 3510 Son.
1589 3453 1625 3508 4
1672 3454 1810 3508 dixit
1846 3453 2081 3508 BDEF
2278 3455 2313 3508 5
2349 3455 2571 3524 angelos
2606 3454 2887 3510 ABHLR

631 3556 701 3622 δ’,
761 3545 882 3626 afile
929 3557 1068 3624 DE,
1127 3557 1338 3627 angelis
1386 3558 1461 3611 M
1488 3556 1727 3612 editores
1942 3556 2175 3611 discerni
2220 3555 2526 3624 ABDEF,
2580 3558 2728 3626 quod
2771 3573 2891 3613 cum

628 3644 923 3698 enuntiato
957 3644 1325 3712 praecedente
1372 3645 1721 3713 coniungunt
1925 3643 2221 3712 praeterea]
2271 3641 2368 3713 hec
2415 3643 2547 3701 add.
2594 3643 2767 3698 HLS

630 3764 663 3819 9
711 3735 960 3819 ostende}
1006 3765 1054 3820 S
1254 3765 1321 3819 10
1366 3765 1649 3821 caelestem
1705 3764 1843 3820 ΟΜ1
2048 3763 2231 3833 etiam]
2270 3779 2380 3818 esse
2414 3764 2448 3818 b
2656 3765 2717 3818 11
2752 3761 2890 3818 illud

629 3851 718 3906 hic
760 3868 807 3907 a.
844 3867 890 3906 c.
928 3867 980 3921 q.
1031 3851 1078 3907 S
1280 3852 1346 3905 13
1390 3851 1687 3906 arbitratur
1734 3850 1846 3905 Mb
2052 3851 2101 3903 si
2150 3850 2467 3920 angelorum
2515 3849 2576 3915 b,
2638 3849 2687 3904 si
2730 3865 2887 3935 euan-

631 3956 894 4026 galiorum·
930 3956 1006 4010 M
1240 3955 1308 4010 15
1350 3955 1462 4009 sint
1509 3954 1685 4010 ch·
1918 3955 2044 4006 sunt
2091 3953 2147 4009 R
2390 3937 2520 4006 ‹iffm
2556 3952 2613 4005 A
2815 3952 2891 4005 in-

631 4045 853 4098 carnata
887 4042 968 4096 Β2
1177 4042 1240 4096 17
1278 4039 1512 4110 suscepit
1545 4038 2074 4094 ABDEFHLRS¹
2254 4037 2472 4093 accedat
2508 4037 2641 4092 libri
2665 4043 2891 4107 praeter

639 4129 817 4186 GGM
853 4134 906 4184 et
943 4129 1063 4184 Βοὴ.
1185 4164 1189 4170 -
1322 4128 1387 4183 19
1439 4128 1661 4182 eandem
1714 4143 1817 4183 om.
1870 4126 1994 4183 Son.
2252 4125 2323 4180 20
2371 4124 2660 4180 honoretur
2710 4123 2893 4179 ΑΒΟ1

631 4215 848 4272 D¹FL¹
1064 4215 1128 4270 21
1184 4231 1372 4284 corpus
1425 4229 1523 4269 om.
1569 4217 1639 4284 1⁰²
1852 4213 1912 4266 in
1965 4227 2066 4266 om.
2118 4212 2174 4266 A
2378 4213 2578 4265 natura
2631 4210 2765 4266 A²0

631 4301 701 4356 22
747 4300 967 4355 eandem
1010 4298 1066 4357 R
1270 4303 1520 4370 uegetate
1555 4299 1647 4366 H,
1704 4299 1947 4367 uegitate
1980 4298 2067 4368 R,
2127 4299 2381 4368 uegetata
2416 4295 2679 4362 ABE1F,
2738 4309 2891 4365 nege-

627 4390 810 4444 tatum
845 4387 936 4442 ,Ε2
