<?xml version="1.0" encoding="UTF-8"?>
<!DOCTYPE html PUBLIC "-//W3C//DTD XHTML 1.0 Transitional//EN"
    "http://www.w3.org/TR/xhtml1/DTD/xhtml1-transitional.dtd">
<html xmlns="http://www.w3.org/1999/xhtml" xml:lang="en" lang="en">
 <head>
  <title>
</title>
<meta http-equiv="Content-Type" content="text/html;charset=utf-8" />
  <meta name='ocr-system' content='tesseract 3.04.00' />
  <meta name='ocr-capabilities' content='ocr_page ocr_carea ocr_par ocr_line ocrx_word'/>
</head>
<body>
  <div class='ocr_page' id='page_1' title='image "./corpusscriptoru28wiengoog_0159.png"; bbox 0 0 3175 5050; ppageno 0'>
   <div class='ocr_carea' id='block_1_1' title="bbox 1017 459 2554 528">
    <p class='ocr_par' dir='ltr' id='par_1_1' title="bbox 1017 459 2554 528">
     <span class='ocr_line' id='line_1_1' title="bbox 1017 459 2554 528; baseline 0.003 -14"><span class='ocrx_word' id='word_1_1' title='bbox 1017 460 1110 514; x_wconf 84' lang='lat' dir='ltr'><strong>De</strong></span> <span class='ocrx_word' id='word_1_2' title='bbox 1143 462 1336 514; x_wconf 77' lang='lat' dir='ltr'><strong>statu</strong></span> <span class='ocrx_word' id='word_1_3' title='bbox 1371 460 1635 515; x_wconf 78' lang='lat' dir='ltr'><strong>animae</strong></span> <span class='ocrx_word' id='word_1_4' title='bbox 1668 460 1699 516; x_wconf 89' lang='grc' dir='ltr'>Ι</span> <span class='ocrx_word' id='word_1_5' title='bbox 1734 459 1820 517; x_wconf 84' lang='grc'><strong>26.</strong></span> <span class='ocrx_word' id='word_1_6' title='bbox 2466 462 2554 528; x_wconf 86' lang='grc'><strong>95</strong></span> 
     </span>
    </p>
   </div>
   <div class='ocr_carea' id='block_1_2' title="bbox 219 646 2558 2902">
    <p class='ocr_par' dir='ltr' id='par_1_2' title="bbox 219 646 2558 2902">
     <span class='ocr_line' id='line_1_2' title="bbox 295 646 2552 731; baseline 0.001 -19"><span class='ocrx_word' id='word_1_7' title='bbox 295 665 436 713; x_wconf 85' lang='lat' dir='ltr'><strong>eum</strong></span> <span class='ocrx_word' id='word_1_8' title='bbox 482 646 768 731; x_wconf 89' lang='lat' dir='ltr'><strong>loqueris,</strong></span> <span class='ocrx_word' id='word_1_9' title='bbox 815 648 1180 731; x_wconf 83' lang='lat' dir='ltr'><strong>obsequium</strong></span> <span class='ocrx_word' id='word_1_10' title='bbox 1225 649 1398 714; x_wconf 86' lang='lat' dir='ltr'><strong>uocis</strong></span> <span class='ocrx_word' id='word_1_11' title='bbox 1428 666 1641 713; x_wconf 86' lang='lat' dir='ltr'><strong>aurem</strong></span> <span class='ocrx_word' id='word_1_12' title='bbox 1671 650 1856 715; x_wconf 90' lang='lat' dir='ltr'><strong>tenus</strong></span> <span class='ocrx_word' id='word_1_13' title='bbox 1887 652 2077 729; x_wconf 80' lang='lat' dir='ltr'><strong>meat,</strong></span> <span class='ocrx_word' id='word_1_14' title='bbox 2109 649 2373 715; x_wconf 86' lang='lat' dir='ltr'><strong>uerbum</strong></span> <span class='ocrx_word' id='word_1_15' title='bbox 2405 668 2552 715; x_wconf 90' lang='lat' dir='ltr'><strong>uero</strong></span> 
     </span>
     <span class='ocr_line' id='line_1_3' title="bbox 296 750 2553 834; baseline 0.001 -19"><span class='ocrx_word' id='word_1_16' title='bbox 296 750 646 816; x_wconf 77' lang='lat' dir='ltr'><strong>inlocaliter</strong></span> <span class='ocrx_word' id='word_1_17' title='bbox 686 751 765 815; x_wconf 81' lang='lat' dir='ltr'><strong>ad</strong></span> <span class='ocrx_word' id='word_1_18' title='bbox 811 750 1092 821; x_wconf 79' lang='lat' dir='ltr'><strong>animam</strong></span> <span class='ocrx_word' id='word_1_19' title='bbox 1149 753 1448 834; x_wconf 79' lang='lat' dir='ltr'><strong>permeat,</strong></span> <span class='ocrx_word' id='word_1_20' title='bbox 1512 750 1681 833; x_wconf 73' lang='lat' dir='ltr'><strong>quia,</strong></span> <span class='ocrx_word' id='word_1_21' title='bbox 1728 752 1895 817; x_wconf 87' lang='lat' dir='ltr'><strong>sicut</strong></span> <span class='ocrx_word' id='word_1_22' title='bbox 1938 752 2019 818; x_wconf 79' lang='lat' dir='ltr'><strong>ad</strong></span> <span class='ocrx_word' id='word_1_23' title='bbox 2074 752 2258 818; x_wconf 90' lang='lat' dir='ltr'><strong>illum</strong></span> <span class='ocrx_word' id='word_1_24' title='bbox 2302 754 2403 818; x_wconf 89' lang='lat' dir='ltr'><strong>cui</strong></span> <span class='ocrx_word' id='word_1_25' title='bbox 2457 754 2553 818; x_wconf 94' lang='lat' dir='ltr'><strong>lo-</strong></span> 
     </span>
     <span class='ocr_line' id='line_1_4' title="bbox 296 852 2553 939; baseline 0.001 -22"><span class='ocrx_word' id='word_1_26' title='bbox 296 854 502 935; x_wconf 89' lang='lat' dir='ltr'><strong>queris</strong></span> <span class='ocrx_word' id='word_1_27' title='bbox 561 852 823 933; x_wconf 80' lang='lat' dir='ltr'><strong>accedit,</strong></span> <span class='ocrx_word' id='word_1_28' title='bbox 881 853 972 919; x_wconf 83' lang='lat' dir='ltr'><strong>ita</strong></span> <span class='ocrx_word' id='word_1_29' title='bbox 1016 871 1054 919; x_wconf 79' lang='lat' dir='ltr'><strong>a</strong></span> <span class='ocrx_word' id='word_1_30' title='bbox 1097 856 1161 919; x_wconf 90' lang='lat' dir='ltr'><strong>te</strong></span> <span class='ocrx_word' id='word_1_31' title='bbox 1209 855 1425 936; x_wconf 89' lang='lat' dir='ltr'><strong>utique</strong></span> <span class='ocrx_word' id='word_1_32' title='bbox 1478 872 1605 919; x_wconf 89' lang='lat' dir='ltr'><strong>non</strong></span> <span class='ocrx_word' id='word_1_33' title='bbox 1659 854 1911 939; x_wconf 79' lang='lat' dir='ltr'><strong>recedit,</strong></span> <span class='ocrx_word' id='word_1_34' title='bbox 1978 856 2041 920; x_wconf 87' lang='lat' dir='ltr'><strong>et</strong></span> <span class='ocrx_word' id='word_1_35' title='bbox 2084 857 2139 921; x_wconf 90' lang='lat' dir='ltr'><strong>si</strong></span> <span class='ocrx_word' id='word_1_36' title='bbox 2191 856 2553 939; x_wconf 88' lang='lat' dir='ltr'><strong>loquentem</strong></span> 
     </span>
     <span class='ocr_line' id='line_1_5' title="bbox 294 956 2555 1040; baseline 0.001 -19"><span class='ocrx_word' id='word_1_37' title='bbox 294 957 360 1021; x_wconf 88' lang='lat' dir='ltr'><strong>te</strong></span> <span class='ocrx_word' id='word_1_38' title='bbox 417 974 576 1022; x_wconf 89' lang='lat' dir='ltr'><strong>unus</strong></span> <span class='ocrx_word' id='word_1_39' title='bbox 643 956 932 1039; x_wconf 85' lang='lat' dir='ltr'><strong>audierit,</strong></span> <span class='ocrx_word' id='word_1_40' title='bbox 1000 959 1208 1023; x_wconf 89' lang='lat' dir='ltr'><strong>totum</strong></span> <span class='ocrx_word' id='word_1_41' title='bbox 1261 956 1525 1023; x_wconf 89' lang='lat' dir='ltr'><strong>uerbum</strong></span> <span class='ocrx_word' id='word_1_42' title='bbox 1580 961 1764 1022; x_wconf 83' lang='lat' dir='ltr'><strong>tuum</strong></span> <span class='ocrx_word' id='word_1_43' title='bbox 1824 974 2010 1040; x_wconf 90' lang='lat' dir='ltr'><strong>penes</strong></span> <span class='ocrx_word' id='word_1_44' title='bbox 2068 962 2133 1026; x_wconf 89' lang='lat' dir='ltr'><strong>te</strong></span> <span class='ocrx_word' id='word_1_45' title='bbox 2177 962 2288 1039; x_wconf 86' lang='lat' dir='ltr'><strong>est,</strong></span> <span class='ocrx_word' id='word_1_46' title='bbox 2348 960 2555 1025; x_wconf 91' lang='lat' dir='ltr'><strong>totum</strong></span> 
     </span>
     <span class='ocr_line' id='line_1_6' title="bbox 247 1059 2553 1144; baseline 0 -18"><span class='ocrx_word' id='word_1_47' title='bbox 247 1086 278 1127; x_wconf 79' lang='lat'>5</span> <span class='ocrx_word' id='word_1_48' title='bbox 294 1078 484 1143; x_wconf 88' lang='lat' dir='ltr'><strong>penes</strong></span> <span class='ocrx_word' id='word_1_49' title='bbox 527 1059 734 1144; x_wconf 90' lang='lat' dir='ltr'><strong>illum,</strong></span> <span class='ocrx_word' id='word_1_50' title='bbox 795 1063 858 1125; x_wconf 87' lang='lat' dir='ltr'><strong>et</strong></span> <span class='ocrx_word' id='word_1_51' title='bbox 902 1062 957 1126; x_wconf 84' lang='lat' dir='ltr'><strong>si</strong></span> <span class='ocrx_word' id='word_1_52' title='bbox 999 1060 1121 1126; x_wconf 86' lang='lat' dir='ltr'><strong>duo</strong></span> <span class='ocrx_word' id='word_1_53' title='bbox 1166 1061 1498 1140; x_wconf 77' lang='lat' dir='ltr'><strong>audierint,</strong></span> <span class='ocrx_word' id='word_1_54' title='bbox 1544 1064 1751 1126; x_wconf 89' lang='lat' dir='ltr'><strong>totum</strong></span> <span class='ocrx_word' id='word_1_55' title='bbox 1797 1061 2079 1141; x_wconf 83' lang='lat' dir='ltr'><strong>audiunt,</strong></span> <span class='ocrx_word' id='word_1_56' title='bbox 2141 1066 2205 1127; x_wconf 90' lang='lat' dir='ltr'><strong>et</strong></span> <span class='ocrx_word' id='word_1_57' title='bbox 2250 1064 2301 1127; x_wconf 85' lang='lat' dir='ltr'><strong>si</strong></span> <span class='ocrx_word' id='word_1_58' title='bbox 2345 1063 2553 1139; x_wconf 85' lang='lat' dir='ltr'><strong>multi,</strong></span> 
     </span>
     <span class='ocr_line' id='line_1_7' title="bbox 293 1162 2556 1248; baseline 0.001 -21"><span class='ocrx_word' id='word_1_59' title='bbox 293 1164 519 1241; x_wconf 87' lang='lat' dir='ltr'><strong>totum,</strong></span> <span class='ocrx_word' id='word_1_60' title='bbox 593 1165 659 1228; x_wconf 90' lang='lat' dir='ltr'><strong>et</strong></span> <span class='ocrx_word' id='word_1_61' title='bbox 713 1162 1004 1229; x_wconf 89' lang='lat' dir='ltr'><strong>omnibus</strong></span> <span class='ocrx_word' id='word_1_62' title='bbox 1063 1165 1270 1229; x_wconf 89' lang='lat' dir='ltr'><strong>totum</strong></span> <span class='ocrx_word' id='word_1_63' title='bbox 1329 1167 1393 1228; x_wconf 90' lang='lat' dir='ltr'><strong>et</strong></span> <span class='ocrx_word' id='word_1_64' title='bbox 1451 1163 1719 1248; x_wconf 83' lang='lat' dir='ltr'><strong>singulis</strong></span> <span class='ocrx_word' id='word_1_65' title='bbox 1784 1168 1988 1230; x_wconf 92' lang='lat' dir='ltr'><strong>totum</strong></span> <span class='ocrx_word' id='word_1_66' title='bbox 2043 1167 2106 1229; x_wconf 90' lang='lat' dir='ltr'><strong>et</strong></span> <span class='ocrx_word' id='word_1_67' title='bbox 2163 1165 2282 1230; x_wconf 90' lang='lat' dir='ltr'><strong>tibi</strong></span> <span class='ocrx_word' id='word_1_68' title='bbox 2346 1166 2556 1231; x_wconf 89' lang='lat' dir='ltr'><strong>totum</strong></span> 
     </span>
     <span class='ocr_line' id='line_1_8' title="bbox 291 1264 2552 1351; baseline 0 -20"><span class='ocrx_word' id='word_1_69' title='bbox 291 1266 408 1331; x_wconf 82' lang='lat' dir='ltr'><strong>est.</strong></span> <span class='ocrx_word' id='word_1_70' title='bbox 482 1266 613 1331; x_wconf 89' lang='lat' dir='ltr'><strong>noli</strong></span> <span class='ocrx_word' id='word_1_71' title='bbox 655 1264 723 1330; x_wconf 90' lang='lat' dir='ltr'><strong>in</strong></span> <span class='ocrx_word' id='word_1_72' title='bbox 767 1270 832 1331; x_wconf 90' lang='lat' dir='ltr'><strong>te</strong></span> <span class='ocrx_word' id='word_1_73' title='bbox 891 1269 1146 1351; x_wconf 86' lang='lat' dir='ltr'><strong>perdere</strong></span> <span class='ocrx_word' id='word_1_74' title='bbox 1201 1270 1338 1331; x_wconf 88' lang='lat' dir='ltr'><strong>tam</strong></span> <span class='ocrx_word' id='word_1_75' title='bbox 1397 1285 1699 1351; x_wconf 79' lang='lat' dir='ltr'><strong>magnum</strong></span> <span class='ocrx_word' id='word_1_76' title='bbox 1758 1286 1987 1333; x_wconf 87' lang='lat' dir='ltr'><strong>munus</strong></span> <span class='ocrx_word' id='word_1_77' title='bbox 2046 1285 2275 1351; x_wconf 85' lang='lat' dir='ltr'><strong>meum,</strong></span> <span class='ocrx_word' id='word_1_78' title='bbox 2322 1266 2552 1331; x_wconf 88' lang='lat' dir='ltr'><strong>simili-</strong></span> 
     </span>
     <span class='ocr_line' id='line_1_9' title="bbox 293 1369 2556 1455; baseline 0 -20"><span class='ocrx_word' id='word_1_79' title='bbox 293 1369 584 1435; x_wconf 88' lang='lat' dir='ltr'><strong>tudinem</strong></span> <span class='ocrx_word' id='word_1_80' title='bbox 627 1388 856 1454; x_wconf 84' lang='lat' dir='ltr'><strong>meam,</strong></span> <span class='ocrx_word' id='word_1_81' title='bbox 905 1389 1096 1454; x_wconf 83' lang='lat' dir='ltr'><strong>quam</strong></span> <span class='ocrx_word' id='word_1_82' title='bbox 1139 1370 1262 1437; x_wconf 89' lang='lat' dir='ltr'><strong>tibi</strong></span> <span class='ocrx_word' id='word_1_83' title='bbox 1306 1370 1756 1455; x_wconf 83' lang='lat' dir='ltr'><strong>benignissime</strong></span> <span class='ocrx_word' id='word_1_84' title='bbox 1801 1372 2019 1451; x_wconf 87' lang='lat' dir='ltr'><strong>tribui,</strong></span> <span class='ocrx_word' id='word_1_85' title='bbox 2072 1370 2146 1435; x_wconf 87' lang='lat' dir='ltr'><strong>ut</strong></span> <span class='ocrx_word' id='word_1_86' title='bbox 2175 1369 2449 1454; x_wconf 79' lang='lat' dir='ltr'><strong>qualiter</strong></span> <span class='ocrx_word' id='word_1_87' title='bbox 2477 1374 2556 1436; x_wconf 88' lang='lat' dir='ltr'><strong>ad</strong></span> 
     </span>
     <span class='ocr_line' id='line_1_10' title="bbox 295 1474 2557 1558; baseline 0 -20"><span class='ocrx_word' id='word_1_88' title='bbox 295 1492 396 1539; x_wconf 93' lang='lat' dir='ltr'><strong>me</strong></span> <span class='ocrx_word' id='word_1_89' title='bbox 437 1475 742 1557; x_wconf 76' lang='lat' dir='ltr'><strong>tenderes,</strong></span> <span class='ocrx_word' id='word_1_90' title='bbox 803 1490 925 1539; x_wconf 90' lang='lat' dir='ltr'><strong>nou</strong></span> <span class='ocrx_word' id='word_1_91' title='bbox 983 1476 1161 1541; x_wconf 84' lang='lat' dir='ltr'><strong>extra</strong></span> <span class='ocrx_word' id='word_1_92' title='bbox 1203 1476 1269 1540; x_wconf 88' lang='lat' dir='ltr'><strong>te</strong></span> <span class='ocrx_word' id='word_1_93' title='bbox 1311 1492 1660 1558; x_wconf 77' lang='lat' dir='ltr'><strong>quaereres,</strong></span> <span class='ocrx_word' id='word_1_94' title='bbox 1736 1493 1953 1541; x_wconf 89' lang='lat' dir='ltr'><strong>nemo</strong></span> <span class='ocrx_word' id='word_1_95' title='bbox 2016 1474 2243 1540; x_wconf 90' lang='lat' dir='ltr'><strong>uenit</strong></span> <span class='ocrx_word' id='word_1_96' title='bbox 2296 1474 2388 1538; x_wconf 80' lang='lat' dir='ltr'><strong>ad</strong></span> <span class='ocrx_word' id='word_1_97' title='bbox 2432 1492 2557 1555; x_wconf 82' lang='lat' dir='ltr'><strong>pa·</strong></span> 
     </span>
     <span class='ocr_line' id='line_1_11' title="bbox 219 1576 2558 1660; baseline -0.003 -13"><span class='ocrx_word' id='word_1_98' title='bbox 219 1579 527 1658; x_wconf 72' lang='lat' dir='ltr'><strong>mtrem,</strong></span> <span class='ocrx_word' id='word_1_99' title='bbox 574 1576 730 1643; x_wconf 88' lang='lat' dir='ltr'><strong>nisi</strong></span> <span class='ocrx_word' id='word_1_100' title='bbox 775 1596 914 1660; x_wconf 89' lang='lat' dir='ltr'><strong>per</strong></span> <span class='ocrx_word' id='word_1_101' title='bbox 955 1598 1106 1657; x_wconf 85' lang='lat' dir='ltr'><strong>me,</strong></span> <span class='ocrx_word' id='word_1_102' title='bbox 1153 1581 1218 1644; x_wconf 89' lang='lat' dir='ltr'><strong>et</strong></span> <span class='ocrx_word' id='word_1_103' title='bbox 1261 1596 1482 1644; x_wconf 90' lang='lat' dir='ltr'><strong>nemo</strong></span> <span class='ocrx_word' id='word_1_104' title='bbox 1529 1580 1622 1644; x_wconf 77' lang='lat' dir='ltr'><strong>ad</strong></span> <span class='ocrx_word' id='word_1_105' title='bbox 1666 1598 1813 1657; x_wconf 91' lang='lat' dir='ltr'><strong>me,</strong></span> <span class='ocrx_word' id='word_1_106' title='bbox 1858 1578 2019 1643; x_wconf 89' lang='lat' dir='ltr'><strong>nisi</strong></span> <span class='ocrx_word' id='word_1_107' title='bbox 2064 1594 2285 1659; x_wconf 88' lang='lat' dir='ltr'><strong>quem</strong></span> <span class='ocrx_word' id='word_1_108' title='bbox 2327 1580 2558 1659; x_wconf 85' lang='lat' dir='ltr'><strong>pater</strong></span> 
     </span>
     <span class='ocr_line' id='line_1_12' title="bbox 288 1678 2553 1764; baseline -0.001 -20"><span class='ocrx_word' id='word_1_109' title='bbox 288 1698 513 1745; x_wconf 88' lang='lat' dir='ltr'><strong>meus</strong></span> <span class='ocrx_word' id='word_1_110' title='bbox 568 1681 1045 1763; x_wconf 77' lang='lat' dir='ltr'><strong>adtraxerit,</strong></span> <span class='ocrx_word' id='word_1_111' title='bbox 1117 1682 1179 1748; x_wconf 87' lang='lat' dir='ltr'><strong>et</strong></span> <span class='ocrx_word' id='word_1_112' title='bbox 1237 1700 1418 1747; x_wconf 89' lang='lat' dir='ltr'><strong>nemo</strong></span> <span class='ocrx_word' id='word_1_113' title='bbox 1479 1681 1560 1747; x_wconf 83' lang='lat' dir='ltr'><strong>ad</strong></span> <span class='ocrx_word' id='word_1_114' title='bbox 1618 1699 1719 1745; x_wconf 92' lang='lat' dir='ltr'><strong>me</strong></span> <span class='ocrx_word' id='word_1_115' title='bbox 1775 1681 1881 1745; x_wconf 90' lang='lat' dir='ltr'><strong>uel</strong></span> <span class='ocrx_word' id='word_1_116' title='bbox 1936 1681 2015 1747; x_wconf 75' lang='lat' dir='ltr'><strong>ad</strong></span> <span class='ocrx_word' id='word_1_117' title='bbox 2065 1683 2310 1764; x_wconf 84' lang='lat' dir='ltr'><strong>patrem</strong></span> <span class='ocrx_word' id='word_1_118' title='bbox 2350 1678 2553 1763; x_wconf 88' lang='lat' dir='ltr'><strong>uenit,</strong></span> 
     </span>
     <span class='ocr_line' id='line_1_13' title="bbox 285 1784 2551 1867; baseline -0 -20"><span class='ocrx_word' id='word_1_119' title='bbox 285 1784 414 1848; x_wconf 88' lang='lat' dir='ltr'><strong>nisi</strong></span> <span class='ocrx_word' id='word_1_120' title='bbox 459 1784 688 1850; x_wconf 84' lang='lat' dir='ltr'><strong>caritas</strong></span> <span class='ocrx_word' id='word_1_121' title='bbox 746 1784 1132 1851; x_wconf 78' lang='lat' dir='ltr'><strong>diffundatur</strong></span> <span class='ocrx_word' id='word_1_122' title='bbox 1189 1784 1257 1850; x_wconf 91' lang='lat' dir='ltr'><strong>in</strong></span> <span class='ocrx_word' id='word_1_123' title='bbox 1317 1785 1502 1850; x_wconf 88' lang='lat' dir='ltr'><strong>corde</strong></span> <span class='ocrx_word' id='word_1_124' title='bbox 1562 1784 1698 1849; x_wconf 89' lang='lat' dir='ltr'><strong>eius</strong></span> <span class='ocrx_word' id='word_1_125' title='bbox 1750 1802 1860 1867; x_wconf 89' lang='lat' dir='ltr'><strong>per</strong></span> <span class='ocrx_word' id='word_1_126' title='bbox 1904 1784 2197 1867; x_wconf 86' lang='lat' dir='ltr'><strong>spiritum</strong></span> <span class='ocrx_word' id='word_1_127' title='bbox 2240 1784 2551 1859; x_wconf 79' lang='lat' dir='ltr'><strong>sanctum,</strong></span> 
     </span>
     <span class='ocr_line' id='line_1_14' title="bbox 289 1884 2553 1970; baseline -0.001 -19"><span class='ocrx_word' id='word_1_128' title='bbox 289 1885 402 1969; x_wconf 89' lang='lat' dir='ltr'><strong>qui</strong></span> <span class='ocrx_word' id='word_1_129' title='bbox 457 1904 582 1952; x_wconf 91' lang='lat' dir='ltr'><strong>non</strong></span> <span class='ocrx_word' id='word_1_130' title='bbox 640 1885 765 1953; x_wconf 89' lang='lat' dir='ltr'><strong>nisi</strong></span> <span class='ocrx_word' id='word_1_131' title='bbox 823 1889 980 1955; x_wconf 88' lang='lat' dir='ltr'><strong>bene</strong></span> <span class='ocrx_word' id='word_1_132' title='bbox 1037 1889 1334 1967; x_wconf 88' lang='lat' dir='ltr'><strong>credenti,</strong></span> <span class='ocrx_word' id='word_1_133' title='bbox 1397 1887 1551 1953; x_wconf 90' lang='lat' dir='ltr'><strong>bene</strong></span> <span class='ocrx_word' id='word_1_134' title='bbox 1596 1887 1873 1970; x_wconf 80' lang='lat' dir='ltr'><strong>speranti</strong></span> <span class='ocrx_word' id='word_1_135' title='bbox 1916 1888 1981 1951; x_wconf 92' lang='lat' dir='ltr'><strong>et</strong></span> <span class='ocrx_word' id='word_1_136' title='bbox 2024 1885 2185 1951; x_wconf 86' lang='lat' dir='ltr'><strong>bene</strong></span> <span class='ocrx_word' id='word_1_137' title='bbox 2230 1884 2553 1967; x_wconf 78' lang='lat' dir='ltr'><strong>quaerenti</strong></span> 
     </span>
     <span class='ocr_line' id='line_1_15' title="bbox 295 1987 2557 2075; baseline -0 -21"><span class='ocrx_word' id='word_1_138' title='bbox 295 1988 563 2055; x_wconf 83' lang='lat' dir='ltr'><strong>dabitur.</strong></span> <span class='ocrx_word' id='word_1_139' title='bbox 636 1993 716 2056; x_wconf 84' lang='lat' dir='ltr'><strong>ad</strong></span> <span class='ocrx_word' id='word_1_140' title='bbox 756 1990 976 2070; x_wconf 78' lang='lat' dir='ltr'><strong>istam,</strong></span> <span class='ocrx_word' id='word_1_141' title='bbox 1018 1993 1180 2075; x_wconf 89' lang='lat' dir='ltr'><strong>quod</strong></span> <span class='ocrx_word' id='word_1_142' title='bbox 1224 2010 1386 2057; x_wconf 91' lang='lat' dir='ltr'><strong>unus</strong></span> <span class='ocrx_word' id='word_1_143' title='bbox 1431 1991 1578 2056; x_wconf 87' lang='lat' dir='ltr'><strong>deus</strong></span> <span class='ocrx_word' id='word_1_144' title='bbox 1622 2008 1857 2067; x_wconf 90' lang='lat' dir='ltr'><strong>sumus,</strong></span> <span class='ocrx_word' id='word_1_145' title='bbox 1904 1990 1977 2054; x_wconf 90' lang='lat' dir='ltr'><strong>tu</strong></span> <span class='ocrx_word' id='word_1_146' title='bbox 2021 1989 2205 2055; x_wconf 91' lang='lat' dir='ltr'><strong>homo</strong></span> <span class='ocrx_word' id='word_1_147' title='bbox 2249 1987 2457 2054; x_wconf 80' lang='lat' dir='ltr'><strong>factus</strong></span> <span class='ocrx_word' id='word_1_148' title='bbox 2489 2005 2557 2053; x_wconf 86' lang='lat' dir='ltr'><strong>es</strong></span> 
     </span>
     <span class='ocr_line' id='line_1_16' title="bbox 219 2092 2555 2173; baseline 0 -16"><span class='ocrx_word' id='word_1_149' title='bbox 219 2092 671 2173; x_wconf 68' lang='lat' dir='ltr'><strong>25trinitatem,</strong></span> <span class='ocrx_word' id='word_1_150' title='bbox 717 2112 862 2160; x_wconf 89' lang='lat' dir='ltr'><strong>cum</strong></span> <span class='ocrx_word' id='word_1_151' title='bbox 907 2094 1146 2161; x_wconf 84' lang='lat' dir='ltr'><strong>dictum</strong></span> <span class='ocrx_word' id='word_1_152' title='bbox 1178 2097 1306 2161; x_wconf 86' lang='lat' dir='ltr'><strong>est:</strong></span> <span class='ocrx_word' id='word_1_153' title='bbox 1351 2096 1749 2161; x_wconf 84' lang='lat' dir='ltr'><strong>faciamus</strong></span> <span class='ocrx_word' id='word_1_154' title='bbox 1793 2093 2185 2160; x_wconf 89' lang='lat' dir='ltr'><strong>hominem</strong></span> <span class='ocrx_word' id='word_1_155' title='bbox 2228 2092 2321 2157; x_wconf 84' lang='lat' dir='ltr'><strong>ad</strong></span> <span class='ocrx_word' id='word_1_156' title='bbox 2365 2092 2555 2157; x_wconf 79' lang='lat' dir='ltr'><strong>ima-</strong></span> 
     </span>
     <span class='ocr_line' id='line_1_17' title="bbox 296 2195 2553 2278; baseline 0 -18"><span class='ocrx_word' id='word_1_157' title='bbox 296 2195 558 2277; x_wconf 89' lang='lat' dir='ltr'><strong>ginem</strong></span> <span class='ocrx_word' id='word_1_158' title='bbox 617 2200 695 2263; x_wconf 90' lang='lat' dir='ltr'><strong>et</strong></span> <span class='ocrx_word' id='word_1_159' title='bbox 747 2198 1375 2265; x_wconf 88' lang='lat' dir='ltr'><strong>similitudinem</strong></span> <span class='ocrx_word' id='word_1_160' title='bbox 1431 2202 1808 2265; x_wconf 83' lang='lat' dir='ltr'><strong>nostram.</strong></span> <span class='ocrx_word' id='word_1_161' title='bbox 1885 2196 2291 2278; x_wconf 87' lang='lat' dir='ltr'><strong>introinspice</strong></span> <span class='ocrx_word' id='word_1_162' title='bbox 2348 2198 2415 2261; x_wconf 91' lang='lat' dir='ltr'><strong>te</strong></span> <span class='ocrx_word' id='word_1_163' title='bbox 2471 2196 2553 2261; x_wconf 82' lang='lat' dir='ltr'><strong>de</strong></span> 
     </span>
     <span class='ocr_line' id='line_1_18' title="bbox 295 2300 2551 2383; baseline -0 -18"><span class='ocrx_word' id='word_1_164' title='bbox 295 2301 360 2365; x_wconf 91' lang='lat' dir='ltr'><strong>te</strong></span> <span class='ocrx_word' id='word_1_165' title='bbox 401 2302 556 2383; x_wconf 86' lang='lat' dir='ltr'><strong>ipsa,</strong></span> <span class='ocrx_word' id='word_1_166' title='bbox 589 2320 624 2367; x_wconf 91' lang='lat' dir='ltr'><strong>o</strong></span> <span class='ocrx_word' id='word_1_167' title='bbox 655 2300 928 2369; x_wconf 84' lang='lat' dir='ltr'><strong>humana</strong></span> <span class='ocrx_word' id='word_1_168' title='bbox 959 2302 1192 2379; x_wconf 85' lang='lat' dir='ltr'><strong>anima,</strong></span> <span class='ocrx_word' id='word_1_169' title='bbox 1224 2306 1288 2368; x_wconf 92' lang='lat' dir='ltr'><strong>et</strong></span> <span class='ocrx_word' id='word_1_170' title='bbox 1318 2306 1382 2367; x_wconf 92' lang='lat' dir='ltr'><strong>te</strong></span> <span class='ocrx_word' id='word_1_171' title='bbox 1410 2303 1791 2369; x_wconf 75' lang='lat' dir='ltr'><strong>memineris,</strong></span> <span class='ocrx_word' id='word_1_172' title='bbox 1859 2302 2003 2366; x_wconf 86' lang='lat' dir='ltr'><strong>uide</strong></span> <span class='ocrx_word' id='word_1_173' title='bbox 2045 2301 2323 2365; x_wconf 90' lang='lat' dir='ltr'><strong>mentem</strong></span> <span class='ocrx_word' id='word_1_174' title='bbox 2352 2300 2551 2379; x_wconf 86' lang='lat' dir='ltr'><strong>tuam,</strong></span> 
     </span>
     <span class='ocr_line' id='line_1_19' title="bbox 296 2402 2555 2486; baseline -0.001 -18"><span class='ocrx_word' id='word_1_175' title='bbox 296 2404 438 2469; x_wconf 90' lang='lat' dir='ltr'><strong>uide</strong></span> <span class='ocrx_word' id='word_1_176' title='bbox 482 2406 742 2471; x_wconf 88' lang='lat' dir='ltr'><strong>uerbum</strong></span> <span class='ocrx_word' id='word_1_177' title='bbox 787 2408 988 2486; x_wconf 84' lang='lat' dir='ltr'><strong>tuum,</strong></span> <span class='ocrx_word' id='word_1_178' title='bbox 1035 2405 1178 2471; x_wconf 89' lang='lat' dir='ltr'><strong>uide</strong></span> <span class='ocrx_word' id='word_1_179' title='bbox 1221 2405 1614 2470; x_wconf 85' lang='lat' dir='ltr'><strong>uoluntatem</strong></span> <span class='ocrx_word' id='word_1_180' title='bbox 1657 2406 1855 2471; x_wconf 79' lang='lat' dir='ltr'><strong>tuam.</strong></span> <span class='ocrx_word' id='word_1_181' title='bbox 1931 2422 2079 2471; x_wconf 81' lang='lat' dir='ltr'><strong>nam</strong></span> <span class='ocrx_word' id='word_1_182' title='bbox 2124 2406 2333 2469; x_wconf 89' lang='lat' dir='ltr'><strong>totum</strong></span> <span class='ocrx_word' id='word_1_183' title='bbox 2364 2405 2461 2467; x_wconf 88' lang='lat' dir='ltr'><strong>est</strong></span> <span class='ocrx_word' id='word_1_184' title='bbox 2489 2402 2555 2466; x_wconf 89' lang='lat' dir='ltr'><strong>in</strong></span> 
     </span>
     <span class='ocr_line' id='line_1_20' title="bbox 295 2505 2557 2594; baseline -0.001 -22"><span class='ocrx_word' id='word_1_185' title='bbox 295 2508 505 2573; x_wconf 89' lang='lat' dir='ltr'><strong>mente</strong></span> <span class='ocrx_word' id='word_1_186' title='bbox 530 2509 692 2591; x_wconf 90' lang='lat' dir='ltr'><strong>quod</strong></span> <span class='ocrx_word' id='word_1_187' title='bbox 721 2508 984 2594; x_wconf 79' lang='lat' dir='ltr'><strong>cogitaS,</strong></span> <span class='ocrx_word' id='word_1_188' title='bbox 1016 2512 1078 2575; x_wconf 89' lang='lat' dir='ltr'><strong>et</strong></span> <span class='ocrx_word' id='word_1_189' title='bbox 1102 2508 1266 2591; x_wconf 88' lang='lat' dir='ltr'><strong>quod</strong></span> <span class='ocrx_word' id='word_1_190' title='bbox 1288 2511 1495 2574; x_wconf 89' lang='lat' dir='ltr'><strong>totum</strong></span> <span class='ocrx_word' id='word_1_191' title='bbox 1518 2508 1709 2574; x_wconf 87' lang='lat' dir='ltr'><strong>simul</strong></span> <span class='ocrx_word' id='word_1_192' title='bbox 1732 2507 2099 2588; x_wconf 83' lang='lat' dir='ltr'><strong>meministi,</strong></span> <span class='ocrx_word' id='word_1_193' title='bbox 2133 2509 2339 2572; x_wconf 90' lang='lat' dir='ltr'><strong>totum</strong></span> <span class='ocrx_word' id='word_1_194' title='bbox 2362 2505 2557 2571; x_wconf 88' lang='lat' dir='ltr'><strong>simul</strong></span> 
     </span>
     <span class='ocr_line' id='line_1_21' title="bbox 222 2609 2557 2694; baseline 0 -18"><span class='ocrx_word' id='word_1_195' title='bbox 222 2646 278 2687; x_wconf 60' lang='grc' dir='ltr'><strong>,ο</strong></span> <span class='ocrx_word' id='word_1_196' title='bbox 297 2611 533 2694; x_wconf 75' lang='lat' dir='ltr'><strong>cogitas</strong></span> <span class='ocrx_word' id='word_1_197' title='bbox 577 2613 642 2676; x_wconf 91' lang='lat' dir='ltr'><strong>et</strong></span> <span class='ocrx_word' id='word_1_198' title='bbox 685 2613 782 2676; x_wconf 90' lang='lat' dir='ltr'><strong>uis</strong></span> <span class='ocrx_word' id='word_1_199' title='bbox 828 2611 1106 2694; x_wconf 79' lang='lat' dir='ltr'><strong>cogitare</strong></span> <span class='ocrx_word' id='word_1_200' title='bbox 1149 2612 1336 2694; x_wconf 87' lang='lat' dir='ltr'><strong>atque</strong></span> <span class='ocrx_word' id='word_1_201' title='bbox 1387 2612 1765 2690; x_wconf 88' lang='lat' dir='ltr'><strong>meminisse,</strong></span> <span class='ocrx_word' id='word_1_202' title='bbox 1813 2612 1931 2677; x_wconf 87' lang='lat' dir='ltr'><strong>hoo</strong></span> <span class='ocrx_word' id='word_1_203' title='bbox 1959 2615 2072 2692; x_wconf 87' lang='lat' dir='ltr'><strong>est,</strong></span> <span class='ocrx_word' id='word_1_204' title='bbox 2120 2628 2295 2677; x_wconf 78' lang='lat' dir='ltr'><strong>amas</strong></span> <span class='ocrx_word' id='word_1_205' title='bbox 2327 2609 2557 2676; x_wconf 82' lang='lat' dir='ltr'><strong>habere</strong></span> 
     </span>
     <span class='ocr_line' id='line_1_22' title="bbox 297 2714 2555 2801; baseline 0.001 -24"><span class='ocrx_word' id='word_1_206' title='bbox 297 2716 571 2778; x_wconf 86' lang='lat' dir='ltr'><strong>mentem</strong></span> <span class='ocrx_word' id='word_1_207' title='bbox 619 2715 686 2778; x_wconf 91' lang='lat' dir='ltr'><strong>et</strong></span> <span class='ocrx_word' id='word_1_208' title='bbox 729 2714 1191 2798; x_wconf 82' lang='lat' dir='ltr'><strong>cogitationem.</strong></span> <span class='ocrx_word' id='word_1_209' title='bbox 1260 2715 1706 2800; x_wconf 76' lang='lat' dir='ltr'><strong>cogitationem</strong></span> <span class='ocrx_word' id='word_1_210' title='bbox 1752 2734 1895 2801; x_wconf 86' lang='lat' dir='ltr'><strong>ergo</strong></span> <span class='ocrx_word' id='word_1_211' title='bbox 1939 2719 2113 2782; x_wconf 86' lang='lat' dir='ltr'><strong>tuam</strong></span> <span class='ocrx_word' id='word_1_212' title='bbox 2158 2734 2303 2781; x_wconf 91' lang='lat' dir='ltr'><strong>cum</strong></span> <span class='ocrx_word' id='word_1_213' title='bbox 2347 2717 2555 2781; x_wconf 89' lang='lat' dir='ltr'><strong>mente</strong></span> 
     </span>
     <span class='ocr_line' id='line_1_23' title="bbox 289 2817 2557 2902; baseline 0 -20"><span class='ocrx_word' id='word_1_214' title='bbox 289 2817 730 2900; x_wconf 73' lang='lat' dir='ltr'><strong>oonplecteriS,</strong></span> <span class='ocrx_word' id='word_1_215' title='bbox 776 2817 892 2884; x_wconf 91' lang='lat' dir='ltr'><strong>hoc</strong></span> <span class='ocrx_word' id='word_1_216' title='bbox 937 2821 1049 2898; x_wconf 85' lang='lat' dir='ltr'><strong>est,</strong></span> <span class='ocrx_word' id='word_1_217' title='bbox 1101 2837 1245 2885; x_wconf 84' lang='lat' dir='ltr'><strong>cum</strong></span> <span class='ocrx_word' id='word_1_218' title='bbox 1290 2821 1560 2902; x_wconf 81' lang='lat' dir='ltr'><strong>cogitare</strong></span> <span class='ocrx_word' id='word_1_219' title='bbox 1606 2821 1671 2884; x_wconf 86' lang='lat' dir='ltr'><strong>te</strong></span> <span class='ocrx_word' id='word_1_220' title='bbox 1712 2819 2092 2898; x_wconf 54' lang='lat' dir='ltr'><strong>memineris</strong></span> <span class='ocrx_word' id='word_1_221' title='bbox 2137 2821 2339 2885; x_wconf 85' lang='lat' dir='ltr'><strong>totam</strong></span> <span class='ocrx_word' id='word_1_222' title='bbox 2392 2821 2557 2884; x_wconf 89' lang='lat' dir='ltr'><strong>certe</strong></span> 
     </span>
    </p>
   </div>
   <div class='ocr_carea' id='block_1_3' title="bbox 501 3021 2049 3092">
    <p class='ocr_par' dir='ltr' id='par_1_3' title="bbox 501 3021 2049 3092">
     <span class='ocr_line' id='line_1_24' title="bbox 501 3021 2049 3092; baseline 0.003 -17"><span class='ocrx_word' id='word_1_223' title='bbox 501 3021 536 3075; x_wconf 89' lang='grc'>9</span> <span class='ocrx_word' id='word_1_224' title='bbox 569 3021 648 3077; x_wconf 90' lang='lat' dir='ltr'><strong>Io.</strong></span> <span class='ocrx_word' id='word_1_225' title='bbox 689 3022 770 3087; x_wconf 85' lang='lat'><strong>14,</strong></span> <span class='ocrx_word' id='word_1_226' title='bbox 805 3022 840 3076; x_wconf 92' lang='grc'><strong>6</strong></span> <span class='ocrx_word' id='word_1_227' title='bbox 1046 3023 1116 3078; x_wconf 90' lang='grc'><strong>10</strong></span> <span class='ocrx_word' id='word_1_228' title='bbox 1148 3023 1227 3078; x_wconf 90' lang='grc' dir='ltr'><strong>Ῑο.</strong></span> <span class='ocrx_word' id='word_1_229' title='bbox 1264 3024 1314 3091; x_wconf 86' lang='grc'><strong>6,</strong></span> <span class='ocrx_word' id='word_1_230' title='bbox 1349 3024 1420 3077; x_wconf 90' lang='grc'><strong>44</strong></span> <span class='ocrx_word' id='word_1_231' title='bbox 1626 3025 1692 3080; x_wconf 90' lang='lat'><strong>15</strong></span> <span class='ocrx_word' id='word_1_232' title='bbox 1727 3023 1857 3079; x_wconf 85' lang='lat' dir='ltr'><strong>Gen.</strong></span> <span class='ocrx_word' id='word_1_233' title='bbox 1898 3026 1945 3092; x_wconf 91' lang='lat'><strong>1,</strong></span> <span class='ocrx_word' id='word_1_234' title='bbox 1980 3024 2049 3079; x_wconf 81' lang='lat'><strong>26</strong></span> 
     </span>
    </p>
   </div>
   <div class='ocr_carea' id='block_1_4' title="bbox 280 3192 2563 4472">
    <p class='ocr_par' dir='ltr' id='par_1_4' title="bbox 280 3192 2563 4472">
     <span class='ocr_line' id='line_1_25' title="bbox 404 3192 2557 3266; baseline 0.001 -20"><span class='ocrx_word' id='word_1_235' title='bbox 404 3192 431 3245; x_wconf 96' lang='lat'>1</span> <span class='ocrx_word' id='word_1_236' title='bbox 477 3207 603 3247; x_wconf 82' lang='lat' dir='ltr'><strong>aure</strong></span> <span class='ocrx_word' id='word_1_237' title='bbox 648 3193 975 3248; x_wconf 68' lang='lat' dir='ltr'><strong><em>A’DEFM</em></strong></span> <span class='ocrx_word' id='word_1_238' title='bbox 980 3193 1012 3248; x_wconf 88' lang='lat' dir='ltr'><em>b</em></span> <span class='ocrx_word' id='word_1_239' title='bbox 1218 3193 1255 3247; x_wconf 81' lang='lat'><strong>2</strong></span> <span class='ocrx_word' id='word_1_240' title='bbox 1299 3196 1605 3262; x_wconf 82' lang='lat' dir='ltr'><strong>permeatur</strong></span> <span class='ocrx_word' id='word_1_241' title='bbox 1638 3195 1750 3249; x_wconf 82' lang='lat' dir='ltr'><strong>AB</strong></span> <span class='ocrx_word' id='word_1_242' title='bbox 1764 3237 1777 3261; x_wconf 94' lang='lat'>‚</span> <span class='ocrx_word' id='word_1_243' title='bbox 1838 3199 2078 3264; x_wconf 67' lang='lat' dir='ltr'><strong>promont</strong></span> <span class='ocrx_word' id='word_1_244' title='bbox 2111 3195 2380 3264; x_wconf 73' lang='lat' dir='ltr'><strong><em>D²HRS,</em></strong></span> <span class='ocrx_word' id='word_1_245' title='bbox 2438 3211 2557 3266; x_wconf 89' lang='lat' dir='ltr'><strong>per·</strong></span> 
     </span>
     <span class='ocr_line' id='line_1_26' title="bbox 287 3279 2555 3352; baseline 0.001 -20"><span class='ocrx_word' id='word_1_246' title='bbox 287 3280 500 3333; x_wconf 78' lang='lat' dir='ltr'><strong>mereat</strong></span> <span class='ocrx_word' id='word_1_247' title='bbox 534 3279 594 3333; x_wconf 85' lang='lat' dir='ltr'><strong><em>F</em></strong></span> <span class='ocrx_word' id='word_1_248' title='bbox 797 3281 938 3334; x_wconf 88' lang='lat' dir='ltr'><strong>sicut</strong></span> <span class='ocrx_word' id='word_1_249' title='bbox 974 3280 1051 3335; x_wconf 86' lang='grc' dir='ltr'><em>Μ</em></span> <span class='ocrx_word' id='word_1_250' title='bbox 1055 3280 1112 3348; x_wconf 85' lang='lat' dir='ltr'><strong>b,</strong></span> <span class='ocrx_word' id='word_1_251' title='bbox 1173 3282 1251 3335; x_wconf 90' lang='lat' dir='ltr'><strong>sic</strong></span> <span class='ocrx_word' id='word_1_252' title='bbox 1286 3281 1402 3338; x_wconf 79' lang='lat' dir='ltr'><strong>rell.</strong></span> <span class='ocrx_word' id='word_1_253' title='bbox 1439 3286 1493 3336; x_wconf 83' lang='lat' dir='ltr'><strong>et</strong></span> <span class='ocrx_word' id='word_1_254' title='bbox 1528 3282 1653 3337; x_wconf 69' lang='grc' dir='ltr'><strong>Βοὴ.</strong></span> <span class='ocrx_word' id='word_1_255' title='bbox 1857 3281 1964 3352; x_wconf 89' lang='lat' dir='ltr'><strong>cui]</strong></span> <span class='ocrx_word' id='word_1_256' title='bbox 2001 3283 2095 3352; x_wconf 87' lang='lat' dir='ltr'><strong>qui</strong></span> <span class='ocrx_word' id='word_1_257' title='bbox 2121 3287 2193 3352; x_wconf 75' lang='lat'><strong>1³²</strong></span> <span class='ocrx_word' id='word_1_258' title='bbox 2396 3283 2431 3336; x_wconf 88' lang='grc'><strong>3</strong></span> <span class='ocrx_word' id='word_1_259' title='bbox 2473 3282 2555 3335; x_wconf 77' lang='lat' dir='ltr'><strong>ita</strong></span> 
     </span>
     <span class='ocr_line' id='line_1_27' title="bbox 297 3365 2556 3435; baseline 0.001 -16"><span class='ocrx_word' id='word_1_260' title='bbox 297 3365 436 3431; x_wconf 81' lang='lat' dir='ltr'><strong>Mb,</strong></span> <span class='ocrx_word' id='word_1_261' title='bbox 495 3365 636 3435; x_wconf 86' lang='lat' dir='ltr'><strong>quod</strong></span> <span class='ocrx_word' id='word_1_262' title='bbox 669 3366 785 3422; x_wconf 76' lang='lat' dir='ltr'><strong>rell.</strong></span> <span class='ocrx_word' id='word_1_263' title='bbox 822 3372 875 3421; x_wconf 85' lang='lat' dir='ltr'><strong>et</strong></span> <span class='ocrx_word' id='word_1_264' title='bbox 911 3366 1044 3424; x_wconf 65' lang='lat' dir='ltr'><strong>Sch:</strong></span> <span class='ocrx_word' id='word_1_265' title='bbox 1203 3367 1578 3424; x_wconf 75' lang='lat' dir='ltr'><strong>ita—recedit</strong></span> <span class='ocrx_word' id='word_1_266' title='bbox 1612 3367 1693 3423; x_wconf 76' lang='lat' dir='ltr'><strong>bis</strong></span> <span class='ocrx_word' id='word_1_267' title='bbox 1727 3373 1909 3423; x_wconf 71' lang='lat' dir='ltr'><strong>exstat</strong></span> <span class='ocrx_word' id='word_1_268' title='bbox 1942 3369 2006 3422; x_wconf 74' lang='lat' dir='ltr'><strong>in</strong></span> <span class='ocrx_word' id='word_1_269' title='bbox 2038 3369 2116 3424; x_wconf 87' lang='lat' dir='ltr'><strong><em>M</em></strong></span> <span class='ocrx_word' id='word_1_270' title='bbox 2287 3368 2323 3421; x_wconf 87' lang='lat'>4</span> <span class='ocrx_word' id='word_1_271' title='bbox 2359 3367 2556 3422; x_wconf 77' lang='lat' dir='ltr'><strong>adierit</strong></span> 
     </span>
     <span class='ocr_line' id='line_1_28' title="bbox 299 3451 2559 3524; baseline 0 -18"><span class='ocrx_word' id='word_1_272' title='bbox 299 3451 354 3506; x_wconf 84' lang='lat' dir='ltr'><em>R</em></span> <span class='ocrx_word' id='word_1_273' title='bbox 555 3454 590 3508; x_wconf 87' lang='lat'>5</span> <span class='ocrx_word' id='word_1_274' title='bbox 625 3452 730 3506; x_wconf 88' lang='lat' dir='ltr'><strong>duo</strong></span> <span class='ocrx_word' id='word_1_275' title='bbox 765 3453 812 3508; x_wconf 89' lang='lat' dir='ltr'><strong>si</strong></span> <span class='ocrx_word' id='word_1_276' title='bbox 851 3453 896 3509; x_wconf 70' lang='lat' dir='ltr'><strong><em>S</em></strong></span> <span class='ocrx_word' id='word_1_277' title='bbox 1099 3455 1133 3510; x_wconf 89' lang='grc'><strong>6</strong></span> <span class='ocrx_word' id='word_1_278' title='bbox 1169 3455 1396 3524; x_wconf 83' lang='lat' dir='ltr'><strong>singuli·</strong></span> <span class='ocrx_word' id='word_1_279' title='bbox 1431 3454 1488 3510; x_wconf 99' lang='grc' dir='ltr'>Β</span> <span class='ocrx_word' id='word_1_280' title='bbox 1692 3454 1724 3507; x_wconf 83' lang='grc'>7</span> <span class='ocrx_word' id='word_1_281' title='bbox 1758 3457 1843 3508; x_wconf 84' lang='lat' dir='ltr'><strong>est</strong></span> <span class='ocrx_word' id='word_1_282' title='bbox 1876 3469 1975 3508; x_wconf 89' lang='lat' dir='ltr'><strong>om.</strong></span> <span class='ocrx_word' id='word_1_283' title='bbox 2014 3454 2071 3510; x_wconf 99' lang='grc' dir='ltr'>Β</span> <span class='ocrx_word' id='word_1_284' title='bbox 2252 3454 2287 3508; x_wconf 88' lang='grc'>9</span> <span class='ocrx_word' id='word_1_285' title='bbox 2320 3452 2559 3507; x_wconf 87' lang='lat' dir='ltr'><strong>tenderis</strong></span> 
     </span>
     <span class='ocr_line' id='line_1_29' title="bbox 298 3537 2561 3610; baseline -0 -17"><span class='ocrx_word' id='word_1_286' title='bbox 298 3537 476 3594; x_wconf 86' lang='grc' dir='ltr'><strong>ΒΗΒ</strong></span> <span class='ocrx_word' id='word_1_287' title='bbox 680 3539 914 3609; x_wconf 86' lang='lat' dir='ltr'><strong>quereris</strong></span> <span class='ocrx_word' id='word_1_288' title='bbox 948 3541 1006 3596; x_wconf 90' lang='grc' dir='ltr'>Β</span> <span class='ocrx_word' id='word_1_289' title='bbox 1214 3541 1280 3596; x_wconf 80' lang='lat'><strong>12</strong></span> <span class='ocrx_word' id='word_1_290' title='bbox 1327 3557 1418 3595; x_wconf 91' lang='lat' dir='ltr'><strong>cor</strong></span> <span class='ocrx_word' id='word_1_291' title='bbox 1455 3557 1501 3610; x_wconf 76' lang='lat' dir='ltr'><strong>p</strong></span> <span class='ocrx_word' id='word_1_292' title='bbox 1710 3541 1775 3594; x_wconf 84' lang='lat'><strong>13</strong></span> <span class='ocrx_word' id='word_1_293' title='bbox 1810 3540 1916 3594; x_wconf 75' lang='lat' dir='ltr'><strong>nini</strong></span> <span class='ocrx_word' id='word_1_294' title='bbox 1953 3555 2053 3595; x_wconf 87' lang='lat' dir='ltr'><strong>om.</strong></span> <span class='ocrx_word' id='word_1_295' title='bbox 2089 3540 2147 3595; x_wconf 90' lang='grc' dir='ltr'>Β</span> <span class='ocrx_word' id='word_1_296' title='bbox 2350 3539 2419 3593; x_wconf 92' lang='grc'><strong>14</strong></span> <span class='ocrx_word' id='word_1_297' title='bbox 2454 3554 2561 3607; x_wconf 80' lang='lat' dir='ltr'><strong>qua</strong></span> 
     </span>
     <span class='ocr_line' id='line_1_30' title="bbox 296 3622 2560 3695; baseline 0.002 -19"><span class='ocrx_word' id='word_1_298' title='bbox 296 3624 362 3691; x_wconf 80' lang='lat'><strong>2⁰²</strong></span> <span class='ocrx_word' id='word_1_299' title='bbox 569 3622 718 3694; x_wconf 86' lang='lat' dir='ltr'><strong>deus]</strong></span> <span class='ocrx_word' id='word_1_300' title='bbox 758 3628 842 3680; x_wconf 77' lang='lat' dir='ltr'><strong>est</strong></span> <span class='ocrx_word' id='word_1_301' title='bbox 876 3623 1008 3680; x_wconf 80' lang='lat' dir='ltr'><strong>add.</strong></span> <span class='ocrx_word' id='word_1_302' title='bbox 1043 3625 1289 3695; x_wconf 57' lang='grc' dir='ltr'><strong><em>ΠΕΡΙ),</em></strong></span> <span class='ocrx_word' id='word_1_303' title='bbox 1342 3632 1471 3695; x_wconf 72' lang='lat' dir='ltr'><strong>post</strong></span> <span class='ocrx_word' id='word_1_304' title='bbox 1505 3641 1690 3679; x_wconf 89' lang='lat' dir='ltr'><strong>sumus</strong></span> <span class='ocrx_word' id='word_1_305' title='bbox 1724 3625 1856 3680; x_wconf 78' lang='lat' dir='ltr'><strong>add.</strong></span> <span class='ocrx_word' id='word_1_306' title='bbox 1896 3626 1951 3681; x_wconf 76' lang='lat' dir='ltr'><strong><em>G</em></strong></span> <span class='ocrx_word' id='word_1_307' title='bbox 2154 3641 2392 3680; x_wconf 75' lang='lat' dir='ltr'><strong>summus</strong></span> <span class='ocrx_word' id='word_1_308' title='bbox 2430 3625 2560 3680; x_wconf 76' lang='lat' dir='ltr'><strong>libri</strong></span> 
     </span>
     <span class='ocr_line' id='line_1_31' title="bbox 280 3709 2423 3782; baseline 0.001 -18"><span class='ocrx_word' id='word_1_309' title='bbox 280 3714 524 3777; x_wconf 22' lang='lat' dir='ltr'><strong>*praeter</strong></span> <span class='ocrx_word' id='word_1_310' title='bbox 572 3709 738 3766; x_wconf 60' lang='lat' dir='ltr'><strong>&amp;Mb</strong></span> <span class='ocrx_word' id='word_1_311' title='bbox 785 3718 838 3766; x_wconf 83' lang='lat' dir='ltr'><strong>et</strong></span> <span class='ocrx_word' id='word_1_312' title='bbox 873 3711 1181 3777; x_wconf 63' lang='lat' dir='ltr'><strong>Sannum,</strong></span> <span class='ocrx_word' id='word_1_313' title='bbox 1231 3711 1302 3778; x_wconf 79' lang='lat' dir='ltr'><strong>cf.</strong></span> <span class='ocrx_word' id='word_1_314' title='bbox 1343 3729 1473 3782; x_wconf 72' lang='lat' dir='ltr'><strong>pay.</strong></span> <span class='ocrx_word' id='word_1_315' title='bbox 1512 3716 1603 3776; x_wconf 86' lang='lat'><strong>96,</strong></span> <span class='ocrx_word' id='word_1_316' title='bbox 1638 3715 1719 3766; x_wconf 82' lang='lat'><strong>20</strong></span> <span class='ocrx_word' id='word_1_317' title='bbox 1951 3712 2025 3782; x_wconf 82' lang='lat' dir='ltr'><strong>es]</strong></span> <span class='ocrx_word' id='word_1_318' title='bbox 2072 3711 2140 3766; x_wconf 73' lang='lat' dir='ltr'><strong>ad</strong></span> <span class='ocrx_word' id='word_1_319' title='bbox 2184 3711 2316 3766; x_wconf 75' lang='lat' dir='ltr'><strong>add.</strong></span> <span class='ocrx_word' id='word_1_320' title='bbox 2352 3713 2423 3780; x_wconf 70' lang='lat'><strong>1³²</strong></span> 
     </span>
     <span class='ocr_line' id='line_1_32' title="bbox 302 3796 2425 3867; baseline 0.001 -17"><span class='ocrx_word' id='word_1_321' title='bbox 302 3797 369 3850; x_wconf 89' lang='grc'><strong>16</strong></span> <span class='ocrx_word' id='word_1_322' title='bbox 413 3796 702 3865; x_wconf 78' lang='lat' dir='ltr'><strong>introspice</strong></span> <span class='ocrx_word' id='word_1_323' title='bbox 746 3797 889 3854; x_wconf 64' lang='lat'><strong>13²6</strong></span> <span class='ocrx_word' id='word_1_324' title='bbox 911 3797 1062 3862; x_wconf 68' lang='lat' dir='ltr'><strong>Sch„</strong></span> <span class='ocrx_word' id='word_1_325' title='bbox 1131 3800 1466 3867; x_wconf 82' lang='lat' dir='ltr'><strong>introspicite</strong></span> <span class='ocrx_word' id='word_1_326' title='bbox 1514 3799 1571 3855; x_wconf 98' lang='grc' dir='ltr'>Β</span> <span class='ocrx_word' id='word_1_327' title='bbox 1774 3801 1830 3852; x_wconf 86' lang='lat' dir='ltr'><strong>te</strong></span> <span class='ocrx_word' id='word_1_328' title='bbox 1864 3798 1929 3852; x_wconf 86' lang='lat' dir='ltr'><strong>de</strong></span> <span class='ocrx_word' id='word_1_329' title='bbox 1964 3798 2105 3854; x_wconf 78' lang='lat' dir='ltr'><strong>delet</strong></span> <span class='ocrx_word' id='word_1_330' title='bbox 2150 3799 2425 3855; x_wconf 74' lang='lat' dir='ltr'><strong>Barthius</strong></span> 
     </span>
     <span class='ocr_line' id='line_1_33' title="bbox 304 3882 2559 3949; baseline 0.002 -14"><span class='ocrx_word' id='word_1_331' title='bbox 304 3882 367 3935; x_wconf 81' lang='lat'><strong>17</strong></span> <span class='ocrx_word' id='word_1_332' title='bbox 420 3883 600 3936; x_wconf 77' lang='lat' dir='ltr'><strong>anima</strong></span> <span class='ocrx_word' id='word_1_333' title='bbox 649 3883 885 3938; x_wconf 78' lang='lat' dir='ltr'><strong>humana</strong></span> <span class='ocrx_word' id='word_1_334' title='bbox 935 3884 984 3939; x_wconf 79' lang='lat' dir='ltr'><strong><em>S</em></strong></span> <span class='ocrx_word' id='word_1_335' title='bbox 1183 3887 1240 3938; x_wconf 85' lang='lat' dir='ltr'><strong>te</strong></span> <span class='ocrx_word' id='word_1_336' title='bbox 1284 3883 1397 3939; x_wconf 76' lang='lat' dir='ltr'><strong>Mb</strong></span> <span class='ocrx_word' id='word_1_337' title='bbox 1442 3889 1496 3939; x_wconf 80' lang='lat' dir='ltr'><strong>et</strong></span> <span class='ocrx_word' id='word_1_338' title='bbox 1541 3883 1665 3939; x_wconf 68' lang='lat'><em>8011.</em></span> <span class='ocrx_word' id='word_1_339' title='bbox 1710 3885 1775 3938; x_wconf 77' lang='lat' dir='ltr'><strong>in</strong></span> <span class='ocrx_word' id='word_1_340' title='bbox 1819 3889 2001 3949; x_wconf 73' lang='lat' dir='ltr'><strong>textu,</strong></span> <span class='ocrx_word' id='word_1_341' title='bbox 2061 3884 2127 3938; x_wconf 90' lang='lat' dir='ltr'><strong>de</strong></span> <span class='ocrx_word' id='word_1_342' title='bbox 2170 3887 2226 3938; x_wconf 89' lang='lat' dir='ltr'><strong>te</strong></span> <span class='ocrx_word' id='word_1_343' title='bbox 2270 3884 2559 3949; x_wconf 69' lang='lat' dir='ltr'><strong>Banhim,</strong></span> 
     </span>
     <span class='ocr_line' id='line_1_34' title="bbox 300 3969 2559 4040; baseline 0 -17"><span class='ocrx_word' id='word_1_344' title='bbox 300 3969 384 4023; x_wconf 90' lang='lat' dir='ltr'><strong>tui</strong></span> <span class='ocrx_word' id='word_1_345' title='bbox 412 3985 474 4038; x_wconf 75' lang='lat' dir='ltr'><strong>p,</strong></span> <span class='ocrx_word' id='word_1_346' title='bbox 529 3985 630 4024; x_wconf 87' lang='lat' dir='ltr'><strong>om.</strong></span> <span class='ocrx_word' id='word_1_347' title='bbox 665 3971 783 4025; x_wconf 75' lang='lat' dir='ltr'><strong>rell.</strong></span> <span class='ocrx_word' id='word_1_348' title='bbox 967 3970 1276 4026; x_wconf 87' lang='lat' dir='ltr'><strong>memineris</strong></span> <span class='ocrx_word' id='word_1_349' title='bbox 1303 3987 1361 4040; x_wconf 74' lang='lat' dir='ltr'><strong>p,</strong></span> <span class='ocrx_word' id='word_1_350' title='bbox 1415 3972 1700 4026; x_wconf 87' lang='lat' dir='ltr'><strong>meminere</strong></span> <span class='ocrx_word' id='word_1_351' title='bbox 1734 3971 1809 4024; x_wconf 86' lang='lat' dir='ltr'><em>M</em></span> <span class='ocrx_word' id='word_1_352' title='bbox 1812 3972 1862 4038; x_wconf 88' lang='lat' dir='ltr'><strong>b,</strong></span> <span class='ocrx_word' id='word_1_353' title='bbox 1916 3987 2055 4040; x_wconf 75' lang='lat' dir='ltr'><strong>quae</strong></span> <span class='ocrx_word' id='word_1_354' title='bbox 2087 3971 2408 4039; x_wconf 71' lang='lat' dir='ltr'><strong>imperat-iai</strong></span> <span class='ocrx_word' id='word_1_355' title='bbox 2440 3969 2559 4036; x_wconf 76' lang='lat' dir='ltr'><strong>for·</strong></span> 
     </span>
     <span class='ocr_line' id='line_1_35' title="bbox 291 4055 2559 4127; baseline 0 -18"><span class='ocrx_word' id='word_1_356' title='bbox 291 4071 393 4108; x_wconf 75' lang='lat' dir='ltr'><strong>ma</strong></span> <span class='ocrx_word' id='word_1_357' title='bbox 425 4055 606 4110; x_wconf 74' lang='lat' dir='ltr'><strong>nescio</strong></span> <span class='ocrx_word' id='word_1_358' title='bbox 641 4072 721 4110; x_wconf 76' lang='lat' dir='ltr'><strong>an</strong></span> <span class='ocrx_word' id='word_1_359' title='bbox 754 4073 792 4110; x_wconf 83' lang='lat' dir='ltr'><strong><em>a</em></strong></span> <span class='ocrx_word' id='word_1_360' title='bbox 824 4057 1091 4125; x_wconf 71' lang='lat' dir='ltr'><strong>scriptore</strong></span> <span class='ocrx_word' id='word_1_361' title='bbox 1133 4057 1254 4127; x_wconf 76' lang='lat' dir='ltr'><strong>ipso</strong></span> <span class='ocrx_word' id='word_1_362' title='bbox 1291 4057 1547 4126; x_wconf 77' lang='lat' dir='ltr'><strong>profecta</strong></span> <span class='ocrx_word' id='word_1_363' title='bbox 1580 4057 1655 4112; x_wconf 77' lang='lat' dir='ltr'><strong>sit</strong></span> <span class='ocrx_word' id='word_1_364' title='bbox 1689 4063 1741 4112; x_wconf 82' lang='lat' dir='ltr'><strong>et</strong></span> <span class='ocrx_word' id='word_1_365' title='bbox 1776 4074 1813 4111; x_wconf 88' lang='lat' dir='ltr'><strong><em>a</em></strong></span> <span class='ocrx_word' id='word_1_366' title='bbox 1845 4057 2015 4111; x_wconf 77' lang='lat' dir='ltr'><strong>uerbo</strong></span> <span class='ocrx_word' id='word_1_367' title='bbox 2048 4060 2083 4092; x_wconf 55' lang='grc' dir='ltr'><strong><em>ὓ</em></strong></span> <span class='ocrx_word' id='word_1_368' title='bbox 2118 4056 2379 4109; x_wconf 88' lang='lat' dir='ltr'><strong>meminor</strong></span> <span class='ocrx_word' id='word_1_369' title='bbox 2414 4055 2559 4110; x_wconf 77' lang='lat' dir='ltr'><strong>deri-</strong></span> 
     </span>
     <span class='ocr_line' id='line_1_36' title="bbox 299 4141 2558 4211; baseline 0 -15"><span class='ocrx_word' id='word_1_370' title='bbox 299 4141 518 4209; x_wconf 70' lang='grc' dir='ltr'><strong>ιιαπᾶα,</strong></span> <span class='ocrx_word' id='word_1_371' title='bbox 579 4143 650 4197; x_wconf 78' lang='lat' dir='ltr'><strong>ad</strong></span> <span class='ocrx_word' id='word_1_372' title='bbox 682 4159 766 4198; x_wconf 91' lang='lat' dir='ltr'><strong>me</strong></span> <span class='ocrx_word' id='word_1_373' title='bbox 800 4143 973 4198; x_wconf 88' lang='lat' dir='ltr'><strong>nitere</strong></span> <span class='ocrx_word' id='word_1_374' title='bbox 1008 4144 1126 4200; x_wconf 78' lang='lat' dir='ltr'><strong>rell.</strong></span> <span class='ocrx_word' id='word_1_375' title='bbox 1153 4149 1204 4199; x_wconf 79' lang='lat' dir='ltr'><strong>et</strong></span> <span class='ocrx_word' id='word_1_376' title='bbox 1227 4143 1346 4200; x_wconf 69' lang='grc' dir='ltr'><strong>Βοὴ.</strong></span> <span class='ocrx_word' id='word_1_377' title='bbox 1538 4143 1605 4198; x_wconf 87' lang='grc'><strong>19</strong></span> <span class='ocrx_word' id='word_1_378' title='bbox 1640 4143 1841 4211; x_wconf 89' lang='lat' dir='ltr'><strong>mente]</strong></span> <span class='ocrx_word' id='word_1_379' title='bbox 1878 4158 1963 4196; x_wconf 86' lang='lat' dir='ltr'><strong>me</strong></span> <span class='ocrx_word' id='word_1_380' title='bbox 1996 4142 2115 4197; x_wconf 83' lang='lat' dir='ltr'><strong>HL</strong></span> <span class='ocrx_word' id='word_1_381' title='bbox 2304 4141 2375 4196; x_wconf 81' lang='lat'><strong>20</strong></span> <span class='ocrx_word' id='word_1_382' title='bbox 2410 4158 2558 4197; x_wconf 76' lang='lat' dir='ltr'><strong>amas</strong></span> 
     </span>
     <span class='ocr_line' id='line_1_37' title="bbox 294 4227 2559 4297; baseline -0 -15"><span class='ocrx_word' id='word_1_383' title='bbox 294 4241 404 4283; x_wconf 82' lang='lat' dir='ltr'><strong>om.</strong></span> <span class='ocrx_word' id='word_1_384' title='bbox 439 4228 497 4283; x_wconf 89' lang='grc' dir='ltr'>Β</span> <span class='ocrx_word' id='word_1_385' title='bbox 510 4270 523 4295; x_wconf 92' lang='grc'><em>,</em></span> <span class='ocrx_word' id='word_1_386' title='bbox 579 4235 705 4297; x_wconf 74' lang='lat' dir='ltr'><strong>post</strong></span> <span class='ocrx_word' id='word_1_387' title='bbox 737 4229 1041 4283; x_wconf 87' lang='lat' dir='ltr'><strong>meminisse</strong></span> <span class='ocrx_word' id='word_1_388' title='bbox 1068 4229 1546 4297; x_wconf 72' lang='lat' dir='ltr'><strong>tramsponendum</strong></span> <span class='ocrx_word' id='word_1_389' title='bbox 1579 4234 1759 4284; x_wconf 72' lang='lat' dir='ltr'><strong>censet</strong></span> <span class='ocrx_word' id='word_1_390' title='bbox 1793 4228 2068 4281; x_wconf 66' lang='lat' dir='ltr'><strong>Bar-thius</strong></span> <span class='ocrx_word' id='word_1_391' title='bbox 2269 4227 2338 4282; x_wconf 81' lang='lat'><strong>22</strong></span> <span class='ocrx_word' id='word_1_392' title='bbox 2372 4229 2559 4281; x_wconf 89' lang='lat' dir='ltr'><strong>memi-</strong></span> 
     </span>
     <span class='ocr_line' id='line_1_38' title="bbox 302 4311 2563 4383; baseline 0.001 -17"><span class='ocrx_word' id='word_1_393' title='bbox 302 4315 444 4368; x_wconf 85' lang='lat' dir='ltr'><strong>neris</strong></span> <span class='ocrx_word' id='word_1_394' title='bbox 488 4315 686 4370; x_wconf 78' lang='lat' dir='ltr'><em>DEF²</em></span> <span class='ocrx_word' id='word_1_395' title='bbox 722 4315 842 4372; x_wconf 68' lang='grc' dir='ltr'><strong>Βοὴ.</strong></span> <span class='ocrx_word' id='word_1_396' title='bbox 857 4357 870 4383; x_wconf 91' lang='grc'><strong>,</strong></span> <span class='ocrx_word' id='word_1_397' title='bbox 919 4315 991 4383; x_wconf 76' lang='lat' dir='ltr'><strong>cf.</strong></span> <span class='ocrx_word' id='word_1_398' title='bbox 1038 4315 1139 4370; x_wconf 72' lang='lat' dir='ltr'><strong>lin.</strong></span> <span class='ocrx_word' id='word_1_399' title='bbox 1185 4319 1267 4380; x_wconf 89' lang='lat'><strong>17,</strong></span> <span class='ocrx_word' id='word_1_400' title='bbox 1329 4315 1574 4369; x_wconf 86' lang='lat' dir='ltr'><strong>meminis</strong></span> <span class='ocrx_word' id='word_1_401' title='bbox 1620 4311 2293 4370; x_wconf 63' lang='lat' dir='ltr'><strong><em>ABGPHLMPRSTIJ</em></strong></span> <span class='ocrx_word' id='word_1_402' title='bbox 2328 4312 2450 4368; x_wconf 74' lang='lat' dir='ltr'><strong>sch.</strong></span> <span class='ocrx_word' id='word_1_403' title='bbox 2494 4313 2563 4368; x_wconf 64' lang='lat' dir='ltr'><strong>in»</strong></span> 
     </span>
     <span class='ocr_line' id='line_1_39' title="bbox 291 4401 966 4472; baseline 0 -14"><span class='ocrx_word' id='word_1_404' title='bbox 291 4404 471 4471; x_wconf 66' lang='lat' dir='ltr'><strong>motis,</strong></span> <span class='ocrx_word' id='word_1_405' title='bbox 531 4403 826 4458; x_wconf 86' lang='lat' dir='ltr'><strong>meministi</strong></span> <span class='ocrx_word' id='word_1_406' title='bbox 869 4401 966 4472; x_wconf 77' lang='lat' dir='ltr'><strong>Gp</strong></span> 
     </span>
    </p>
   </div>
  </div>
 </body>
</html>
