3175 5050
929 427 1019 481 De
1053 429 1248 481 statu
1282 428 1540 483 animae
1587 428 1919 498 epilogus.
2431 429 2550 496 191

1009 1178 1825 1295 EPILOGVS.

379 1488 462 1589 Si
506 1541 629 1588 non
672 1522 825 1588 haec
870 1540 1029 1605 quae
1074 1525 1153 1588 ad
1196 1526 1262 1588 te
1307 1523 1532 1602 scribo,
1587 1523 1939 1590 uenerande
1981 1524 2100 1602 uir,
2155 1524 2555 1591 discutienda

290 1632 352 1696 et
395 1631 788 1696 emendanda
830 1630 1354 1709 transmitterem,
1400 1630 1524 1696 rite
1568 1631 1777 1715 potuit
1820 1630 2022 1695 uideri
2068 1632 2451 1714 superfluum
2484 1637 2552 1698 et

291 1735 531 1800 elatum
575 1737 794 1800 docere
835 1734 1019 1812 uelle,
1052 1751 1238 1816 quem
1267 1738 1464 1799 sciam
1495 1752 1695 1815 nosse,
1728 1735 1791 1799 et
1823 1753 1897 1799 ex
1925 1735 2308 1818 paupertatis
2338 1736 2551 1819 inopia

249 1839 436 1904 sdare
505 1837 832 1921 dragmam
890 1835 966 1918 ei,
1023 1837 1133 1920 qui
1197 1838 1400 1902 multa
1459 1836 1871 1902 scientiarum
1938 1836 2217 1903 abundat
2283 1841 2543 1908 talenta.

291 1940 438 2004 hinc
482 1939 710 2006 accidit
753 1941 917 2023 quod
974 1941 1334 2006 libellorum
1378 1958 1416 2005 a
1445 1960 1546 2004 me
1589 1942 2105 2006 transmissorum
2136 1941 2349 2028 editio,
2395 1962 2550 2026 quos

289 2043 752 2127 philosophicae
796 2044 955 2110 artis
1001 2045 1416 2110 subtilissima
1459 2045 1884 2130 disputatione
1918 2044 2211 2130 disposui,
2260 2065 2360 2110 me
2392 2047 2553 2112 fecit

293 2150 549 2212 cautum
592 2151 778 2230 atque
822 2147 1190 2225 sollicitum,
1243 2149 1317 2213 ut
1361 2149 1698 2213 eorundem
1754 2148 2254 2232 intellegentiam
2315 2149 2551 2214 iudicio

289 2268 412 2315 non
457 2253 916 2316 committerem
958 2271 1118 2334 meo,
1177 2253 1283 2316 sed
1337 2249 1415 2315 ad
1471 2250 1728 2334 potioris
1781 2253 2075 2333 peritiam
2145 2251 2550 2331 destinarem,

220 2379 272 2420 ιο
291 2359 352 2417 et
398 2372 522 2417 non
567 2355 818 2418 tantum
848 2373 936 2432 ea,
983 2372 1142 2436 quae
1171 2372 1336 2419 nunc
1368 2373 1440 2419 ex
1472 2373 1687 2419 eorum
1718 2355 1982 2420 lectione
2013 2356 2275 2438 percepi,
2324 2375 2545 2420 uerum

288 2457 478 2525 etiam
543 2475 699 2542 quae
769 2456 1176 2545 <unde>unde
1252 2459 1378 2525 iam
1453 2457 1700 2540 pridem
1765 2459 2093 2524 memoriae
2164 2458 2543 2524 reseruanda

286 2562 584 2627 mandaui
642 2561 874 2628 iudicio
929 2565 1039 2627 tuo
1096 2561 1414 2645 probanda
1479 2562 1825 2629 transmisi.
1901 2562 2054 2627 bene
2120 2563 2353 2627 etenim
2420 2562 2551 2627 scit.

286 2667 565 2747 dignatio
609 2665 721 2731 tua
764 2666 1023 2731 minime
1068 2682 1178 2730 nos
1208 2665 1433 2730 habere
1463 2682 1727 2747 quorum
1758 2665 2103 2731 conlatione
2134 2666 2209 2731 de
2238 2666 2352 2744 eis,
2385 2683 2546 2748 quae

287 2768 689 2851 ambigimus,
749 2768 918 2832 firmi
975 2769 1352 2851 stabilesque
1412 2768 1771 2833 reddamur.
1848 2770 2051 2833 omnis
2106 2770 2335 2833 natura
2380 2786 2539 2851 quae

219 2897 270 2938 15
287 2872 364 2935 ad
413 2872 598 2936 deum
655 2872 940 2953 peruenit
993 2872 1222 2936 notitia
1263 2871 1510 2955 proprio
1561 2870 1812 2935 nomine
1858 2871 2247 2954 conpellatur
2292 2875 2355 2937 et
2397 2872 2545 2936 ideo

291 2993 518 3040 nomen
563 2977 823 3040 naturae
866 2974 1052 3039 unius
1101 2974 1397 3057 cuiusque
1440 2973 1534 3038 rei
1580 2976 1950 3040 ostenditur.

373 3094 619 3162 Nomen
676 3114 822 3180 ergo
877 3097 1083 3162 dixere
1140 3098 1391 3181 priores,
1453 3097 1617 3179 quod
1670 3117 1800 3163 rem
1866 3098 2077 3162 notam
2122 3095 2329 3175 faciat,
2377 3094 2545 3177 quod

389 3383 422 3437 2
471 3386 605 3440 haec
652 3384 915 3453 epistula,
964 3400 1104 3453 quae
1139 3384 1341 3454 epilogi
1374 3384 1494 3438 uice
1527 3384 1803 3454 fwnfitur,
1850 3384 1961 3438 solo
1996 3384 2176 3437 codice
2211 3382 2283 3436 M
2315 3386 2545 3437 seruata

287 3476 368 3524 est
411 3471 530 3524 sine
569 3471 688 3524 ulla
719 3471 1149 3539 praescriptione
1186 3469 1537 3537 (Claudianus
1575 3470 1634 3525 C.
1671 3470 1839 3522 Sollio
1888 3468 2107 3521 Sidonio
2146 3467 2453 3537 Apollinari
2488 3467 2541 3522 S.

283 3557 564 3625 inscripsit
597 3559 664 3625 p)
709 3572 886 3625 neque
918 3558 982 3610 iri
1017 3554 1226 3611 Schotti
1259 3555 1533 3611 codicibus
1567 3556 1808 3625 epistula
1844 3556 2117 3620 exstabat,
2153 3570 2266 3623 qua
2298 3569 2360 3608 re
2395 3570 2540 3608 com-

283 3648 462 3695 motus
493 3642 589 3695 ille
625 3658 744 3696 eam
779 3658 816 3695 a
849 3642 1127 3696 Mamerto
1163 3642 1513 3696 abiudicabat
1716 3642 1749 3695 3
1796 3642 2165 3695 transmittere
2202 3640 2298 3704 M,
2358 3642 2538 3693 trans·-

283 3728 445 3780 mitto
480 3727 512 3781 b
703 3728 738 3781 4
771 3727 912 3781 uelle
947 3729 1043 3794 M,
1100 3727 1297 3781 uellem
1333 3728 1388 3791 b,
1441 3743 1583 3782 corr.
1618 3728 1687 3795 p²
1865 3729 2027 3781 sciam
2061 3727 2286 3794 scripsi,
2342 3726 2537 3791 seciam

283 3814 382 3879 M,
437 3814 670 3867 sentiam
705 3813 737 3868 b
925 3814 958 3867 5
995 3812 1468 3867 multo—talento
1495 3828 1540 3881 p
1724 3812 2004 3867 habundat
2039 3814 2115 3865 M
2299 3811 2330 3864 7
2366 3812 2540 3879 supti-

283 3899 497 3955 lissima
531 3899 605 3954 M
773 3900 808 3952 9
843 3915 959 3953 meo
996 3900 1219 3967 scripsi,
1274 3904 1360 3953 mo
1395 3898 1491 3964 M,
1545 3899 1701 3951 modo
1738 3898 1971 3951 editores
2156 3899 2216 3951 11
2254 3896 2540 3950 undeunde

281 3986 505 4054 scripsi,
577 3985 720 4039 unde
771 3986 868 4051 M,
939 3986 1063 4039 inde
1118 3986 1176 4053 b,
1245 3986 1387 4039 unde
1437 4000 1548 4053 pro
1602 3984 1881 4037 undeunde
1940 3984 2145 4037 dictum
2198 3999 2309 4037 esse
2360 3988 2543 4038 censet

283 4071 633 4126 Schera-laelius
838 4071 1064 4140 pridem]
1101 4087 1138 4142 p
1175 4071 1306 4126 add.
1343 4072 1475 4135 Mb,
1532 4071 1636 4125 del.
1669 4087 1739 4138 p,
1794 4070 1888 4123 sed
1923 4072 2125 4124 rectius
2158 4072 2394 4136 fortasse
2426 4086 2537 4123 ser-

281 4158 434 4211 uatis
487 4158 780 4211 literarum
832 4158 1084 4227 uestiqiis
1133 4155 1428 4229 p(dagata)
1482 4156 1768 4210 addideris
1820 4156 1939 4209 coll.
1992 4172 2118 4225 pay.
2165 4159 2284 4220 104,
2331 4158 2401 4209 15

281 4243 532 4307 memorie
586 4245 654 4296 M
859 4243 925 4296 12
979 4243 1288 4297 transmissi
1339 4243 1413 4296 M
1617 4242 1681 4295 13
1736 4239 1953 4293 minime
2006 4256 2103 4293 nos
2156 4241 2215 4305 b,
2287 4240 2546 4294 minimos

279 4362 357 4419 M
558 4363 621 4418 17
657 4380 808 4433 pores
841 4363 913 4417 M
