3175 5050
951 432 1038 485 De
1073 436 1264 487 statu
1301 435 1564 488 animae
1609 435 1639 489 I
1674 436 1758 490 27.
2400 442 2481 508 97

221 620 366 700 sior,
429 622 748 703 eidemque
804 640 1044 715 semper
1102 622 1460 705 adiungere,
1523 624 1669 707 quia
1723 626 1901 691 tanto
1960 628 2039 692 ab
2091 628 2206 693 illa
2250 630 2476 712 speciei

223 722 494 805 amplius
539 724 767 807 capieS,
815 728 1049 808 quanto
1093 726 1158 789 te
1204 727 1302 792 illi
1347 728 1629 795 caritatis
1674 734 1945 813 pondere
1988 733 2189 815 magis
2234 734 2477 815 inpres-

223 827 406 892 seris:
466 826 543 891 ab
579 828 693 894 illa
737 830 982 895 scilicet
1026 829 1336 896 obtinebis
1389 832 1683 915 imaginis
1729 833 1915 898 huius
1963 836 2479 902 indemutabilem

221 932 479 1009 statum,
530 948 568 995 a
611 950 734 1015 qua
789 932 1114 1016 sumpsisti
1171 934 1570 1018 principium.
1645 935 1802 1001 haec
1861 938 1927 1001 et
1984 938 2139 1005 talia
2204 939 2480 1021 loquitur

179 1034 453 1099 sueritas
500 1034 578 1100 ad
625 1052 838 1100 aurem
883 1036 1087 1101 cordis
1132 1038 1509 1103 intrinsecus
1554 1042 1889 1115 admonens
1923 1058 2051 1120 noS,
2086 1044 2158 1106 ut
2186 1044 2508 1125 quoniam-

220 1138 300 1202 ad
345 1137 827 1204 similitudinem
871 1140 1224 1223 incorporei
1270 1140 1392 1221 dei,
1447 1160 1572 1207 non
1617 1142 1695 1206 ad
1739 1144 2221 1211 similitudinem
2267 1141 2477 1228 co'rpo-

220 1241 312 1304 rei
369 1242 586 1307 mundi
642 1242 798 1307 facti
865 1260 1101 1323 sumuS,
1170 1246 1552 1327 incorporeos
1612 1262 1723 1309 nos
1780 1264 1911 1313 esse
1965 1264 2293 1315 noscamus
2356 1269 2479 1315 non

220 1343 422 1409 solum
467 1342 616 1425 quia
641 1345 772 1413 ‚deo
817 1344 1174 1429 incorporeo
1218 1347 1456 1413 similes
1503 1365 1737 1425 sumuS,
1784 1352 1892 1415 sed
1938 1350 2129 1416 etiam
2170 1352 2318 1435 quia
2345 1371 2478 1419 cor-

217 1463 402 1528 poreo
446 1449 676 1512 mundo
730 1448 1080 1514 dissimiles.
1467 1458 1472 1463 ’

150 1766 200 1802 10
1083 1770 1092 1779 ’
1196 1722 1498 1806 XXVII.

219 1909 408 1969 QVOD
466 1910 688 1957 ANIMA
747 1910 925 1959 CARO
985 1912 1113 1960 SVO
1178 1914 1484 1962 ABSENTE
1550 1917 1766 1979 ETIAM
1834 1916 2143 1965 CORPORE
2212 1920 2478 1967 SPIRITV

889 2014 1233 2064 PRAESENS
1287 2016 1580 2065 POTERIT
1630 2018 1807 2067 ESSE.

301 2152 462 2217 Ecce
507 2156 583 2219 de
627 2154 800 2219 statu
845 2156 948 2219 uel
993 2154 1236 2220 uisione
1280 2156 1607 2221 rationalis
1646 2158 1893 2223 animae
1939 2159 2334 2225 infinitarum
2371 2179 2479 2242 pro

219 2256 596 2339 quaestionis
641 2258 1076 2340 magnitudine
1118 2259 1434 2323 rationum
1479 2260 1671 2325 tactis
1719 2262 1993 2326 breuiter
2037 2262 2246 2345 potius
2278 2264 2477 2328 causis

149 2379 201 2419 15
218 2378 408 2443 quam
452 2361 608 2425 satis
654 2380 846 2443 usque
890 2360 1182 2425 discussis
1240 2360 1511 2425 arbitror
1565 2381 1669 2426 me
1715 2363 1791 2427 de
1855 2362 2241 2429 inlocalitate
2288 2367 2477 2447 atque

216 2464 722 2546 incorporalitate
765 2466 1006 2530 animae
1061 2463 1376 2530 sufficiens
1435 2464 1678 2531 dedisse
1729 2482 2109 2548 responsum.
2188 2468 2261 2532 tu
2306 2485 2477 2532 nunc

215 2568 311 2632 ita
376 2569 559 2651 longe
617 2567 982 2649 disparilem
1041 2567 1321 2649 infraque
1385 2569 1655 2649 positam
1722 2569 2047 2635 euidenter
2110 2569 2477 2652 intellegens

217 2688 574 2753 corpoream
635 2669 945 2736 uisionem
1003 2689 1127 2735 non
1184 2669 1446 2735 ulterius
1503 2671 1623 2736 isto
1682 2671 1935 2738 iacteris
1996 2671 2255 2754 incert0,
2304 2673 2377 2737 ut
2422 2672 2476 2738 si

219 2791 432 2838 carum
478 2777 680 2851 tuum,
727 2773 888 2837 sicut
945 2773 1080 2854 ipse
1125 2773 1302 2853 dicis,
1362 2774 1684 2840 absentem
1744 2776 2007 2858 cogita8‚
2049 2770 2301 2844 idcirco
2325 2795 2475 2841 eun-

149 2902 200 2940 20
217 2877 362 2942 dem
407 2878 551 2960 quia
595 2879 714 2944 tibi
759 2876 1155 2960 corporaliter
1199 2894 1321 2940 non
1380 2877 1635 2959 adparet
1680 2878 1892 2944 credas
1937 2877 2285 2958 absentem,
2332 2880 2477 2962 quia

217 2983 271 3046 si
314 2981 434 3047 tibi
479 2985 544 3046 in
585 2981 699 3046 illa
743 2981 841 3046 sui
883 2981 1059 3063 parte
1105 2997 1307 3046 carus·
1340 2980 1455 3064 est,
1517 3000 1641 3065 qua
1685 2983 1945 3064 uterque
1991 2982 2279 3047 homines
2324 2983 2474 3048 estis

221 3085 283 3149 et
329 3103 450 3168 qua
505 3085 752 3150 uosmet
809 3083 1045 3148 uicario
1099 3100 1309 3148 amore
1364 3083 1654 3168 diligitis,
1711 3085 1806 3150 ita
1862 3082 1983 3149 tibi
2026 3085 2135 3150 ille
2180 3103 2475 3167 praesens

218 3188 333 3268 est,
382 3188 454 3253 ut
497 3189 568 3253 tu
611 3189 745 3270 ipse
791 3187 926 3252 tibi.
995 3185 1298 3269 quidquid
1344 3185 1510 3252 enim
1555 3189 1627 3252 tu
1673 3206 1739 3252 es
1784 3187 2306 3269 substantialiter,
2361 3189 2475 3252 hoc

320 3479 347 3532 1
395 3475 568 3545 specie
613 3475 716 3544 Rp
958 3476 992 3528 2
1038 3474 1216 3542 capias
1262 3473 1730 3530 ABDE1FH²R
1973 3477 2073 3530 illa
2111 3478 2167 3532 B
2373 3479 2409 3532 4
2444 3495 2475 3531 a

213 3579 314 3617 om.
363 3563 528 3618 ΗΕΒ
731 3562 855 3631 quia
901 3561 967 3614 H
1164 3560 1301 3613 talia
1349 3561 1426 3614 M
1457 3560 1720 3627 editoreS,
1780 3562 1887 3615 alia
1920 3563 2039 3618 rell.
2247 3565 2279 3618 5
2328 3581 2471 3620 arem

213 3649 270 3704 R
475 3648 616 3717 quod
650 3647 882 3703 BDEF
919 3648 1038 3702 Sch.
1250 3647 1281 3700 7
1319 3663 1697 3716 cognoscamus
1734 3647 1856 3704 Βοὴ.
2072 3651 2107 3704 8
2143 3650 2474 3720 incorporeos

215 3736 270 3789 R
477 3735 540 3787 11
592 3751 711 3787 caro
757 3750 852 3787 suo
897 3733 1122 3801 scripsi,
1185 3749 1367 3787 carum
1413 3749 1568 3787 suum
1620 3735 1750 3788 libri
1958 3733 2025 3788 13
2071 3735 2175 3804 uel]
2222 3738 2279 3790 et
2324 3736 2472 3790 Bar-

212 3823 361 3876 thius
570 3821 636 3874 14
683 3821 1022 3889 quaestiones
1069 3820 1192 3874 BH
1195 3821 1270 3876 1Β,
1474 3819 1871 3888 magnitudine]
1910 3820 2307 3889 magnitudinis
2342 3823 2473 3877 add.

211 3909 289 3962 F¹
314 3908 462 3973 Seh„
523 3905 900 3975 magnitudine
935 3906 1344 3976 magnitudincll
1379 3907 1460 3973 Ε,
1521 3906 1928 3976 magnitudines
1953 3905 2084 3962 add.
2110 3907 2227 3962 rell.
2246 3913 2474 3976 praeter

221 4029 348 4083 GM
547 4026 747 4096 potius]
795 4043 890 4095 pro
937 4029 1050 4081 tuis
1095 4029 1150 4084 R
1359 4028 1424 4082 16
1471 4043 1554 4082 res
1602 4043 1820 4096 possum
1866 4025 1922 4081 R
2129 4028 2191 4081 17
2238 4027 2471 4095 positum

210 4113 464 4171 ABH¹R
674 4114 738 4167 18
773 4114 998 4168 alterius
1025 4118 1096 4183 1⁰²
1295 4115 1547 4168 iactcrius
1583 4113 1778 4168 BH¹R
1986 4113 2053 4166 19
2089 4129 2245 4166 suum
2279 4113 2336 4169 R

211 4201 280 4254 20
316 4201 600 4270 adpareret
636 4200 950 4254 ABDE¹F
1125 4201 1193 4256 21
1231 4203 1278 4254 si
1302 4200 1428 4268 tibi]
1466 4201 1573 4254 sibi
1618 4197 1746 4264 GH,
1806 4199 1914 4252 tibi
1939 4199 2135 4254 omisso
2158 4200 2206 4253 si
2240 4199 2343 4254 LS

212 4287 341 4356 quia
376 4293 508 4342 ante
546 4291 766 4356 uterque
805 4285 979 4342 OGM
985 4288 1016 4342 b
1201 4287 1268 4340 22
1305 4287 1432 4355 quia
1465 4287 1563 4342 Rb
1750 4285 1817 4339 23
1852 4284 1949 4338 tull
1984 4285 2099 4354 ipse
2138 4285 2184 4340 S
2352 4287 2471 4354 hoc]

210 4375 266 4426 et
301 4373 432 4428 add.
472 4374 524 4430 G

312 4475 410 4530 XI.
2233 4475 2265 4529 7
