3175 5050
1023 422 1110 476 De
1143 425 1332 479 statu
1369 424 1634 479 animae
1680 424 1739 480 ΙΙ
1774 425 1823 479 3.
2430 425 2554 494 109

353 658 369 676 .
403 613 673 678 ueluti
716 613 1124 698 ingentem
1169 613 1548 680 formicae
1591 613 1837 680 farris
1882 631 2246 696 aceruum

351 718 889 799 conpopulant
935 718 1212 784 hiemis
1256 735 1629 784 memores
1674 719 2007 801 tutoque
2052 718 2473 800 reponunt,

285 837 390 913 sic,
436 837 622 905 homo
666 837 942 904 hominis
985 840 1052 904 in
1097 840 1605 925 conparationem
1652 839 2127 906 inrationalium
2178 839 2549 923 protoplasti

284 939 456 1021 lapse
514 941 788 1025 peccato,
849 960 946 1005 ne
1003 941 1257 1006 hieme
1316 941 1510 1025 fuga
1572 941 1705 1007 tua
1742 941 1957 1031 fiat,
2024 941 2171 1006 fidei
2230 941 2432 1007 calore
2488 945 2552 1006 et

240 1069 268 1110 s
287 1041 488 1124 operis
568 1043 900 1109 deuotione
968 1063 1256 1128 procures
1339 1064 1412 1110 ac
1477 1045 1711 1126 pariter
1782 1045 2117 1129 intellegas
2184 1043 2551 1110 formiculae

285 1148 350 1210 et
393 1145 674 1228 apiculae
693 1162 698 1168 ·
720 1147 1004 1230 ingentes
1049 1148 1288 1212 animos
1329 1165 1520 1230 paruo
1577 1163 1833 1230 corpore
1878 1166 2002 1212 non
2047 1147 2307 1213 includi.
2382 1146 2549 1212 nihil

285 1249 458 1314 enim
521 1267 822 1334 magnum
893 1249 1130 1338 [locale]
1193 1251 1440 1332 capitur
1499 1251 1721 1334 exigua
1780 1270 1847 1316 re
1908 1250 2113 1327 locali,
2172 1251 2237 1315 et
2282 1267 2550 1334 paruum

288 1369 506 1436 corpus
551 1345 738 1438 atque
793 1355 1014 1440 ingens
1071 1357 1314 1421 animus
1375 1356 1685 1437 apiculae:
1753 1375 1878 1420 non
1936 1373 2083 1439 ergo
2128 1354 2371 1437 capitur
2416 1372 2548 1419 cor-

286 1474 454 1538 pore,
515 1459 688 1522 extra
746 1475 814 1521 se
871 1458 1072 1540 igitur
1115 1458 1231 1523 est.
1307 1458 1416 1523 sed
1461 1462 1638 1523 extra
1682 1479 1749 1524 se
1792 1457 1957 1524 nihil
2002 1477 2139 1523 esse
2181 1457 2407 1540 potest,
2453 1460 2549 1520 est

219 1589 268 1628 ιο
287 1577 432 1642 ergo
475 1563 648 1624 totus
691 1559 759 1625 in
805 1578 1072 1642 corpore,
1127 1563 1234 1626 sed
1277 1579 1582 1644 magnum
1628 1580 1993 1644 corporeum
2038 1577 2324 1643 corporeo
2356 1577 2550 1641 paruo

285 1681 408 1728 non
454 1663 720 1746 capitur,
766 1665 914 1746 quia
969 1667 1104 1730 tam
1145 1683 1446 1748 magnum
1493 1667 1693 1747 replet
1736 1666 1963 1744 locum,
2011 1682 2197 1747 quam
2245 1681 2551 1745 magnum

287 1765 561 1849 quidque
602 1767 796 1832 locale
841 1769 954 1832 est.
1031 1771 1139 1832 aut
1183 1767 1384 1850 igitur
1443 1767 1655 1837 anima
1698 1769 1983 1834 inlocalis
2028 1770 2093 1833 et
2138 1787 2247 1849 per
2292 1766 2408 1830 hoc
2452 1765 2551 1829 in·

213 1917 227 1930 ,
287 1887 577 1953 corporea
635 1870 776 1953 erit,
838 1873 947 1935 aut
1014 1890 1227 1936 secum
1284 1875 1420 1937 tota
1476 1889 1602 1936 non
1662 1872 1802 1937 erit.
1878 1873 1991 1939 sed
2034 1871 2199 1937 nihil
2244 1887 2379 1934 esse
2424 1869 2551 1933 nisi

285 1991 497 2038 secum
560 1977 790 2056 potest,
849 1973 1206 2038 inlocaliter
1273 1992 1418 2057 ergo
1476 1975 1543 2040 in
1587 1995 1657 2040 re
1704 1993 1899 2058 parua
1964 1993 2065 2041 res
2134 1990 2367 2056 magna
2438 1974 2554 2038 est.

222 2107 270 2146 15
286 2093 409 2140 non
466 2076 665 2159 igitur
723 2077 941 2142 localis
1002 2077 1101 2142 est
1158 2078 1406 2144 animus
1467 2081 1532 2146 et
1598 2081 1754 2145 nihil
1814 2079 2081 2145 inlocale
2149 2094 2549 2160 corporeum:

288 2195 610 2262 corporeus
654 2179 852 2262 igitur
898 2198 1021 2244 non
1069 2183 1183 2246 est.
1259 2183 1564 2264 quidquid
1596 2187 1809 2248 autem
1856 2199 2223 2265 corporeum
2268 2198 2395 2245 non
2439 2182 2550 2254 est,

287 2299 407 2346 non
453 2282 618 2347 mole
663 2284 1036 2349 censendum
1099 2288 1214 2363 est,
1275 2304 1399 2350 non
1460 2303 1607 2370 ergo
1666 2305 1736 2350 ex
1796 2285 2232 2370 magnitudine
2278 2282 2549 2366 corporis

290 2384 482 2450 animi
535 2385 925 2469 magnit-udo.
2210 2419 2214 2423 ·

374 2504 684 2587 Quopiam
737 2487 924 2571 'nunc
1011 2509 1333 2573 uideamus
1409 2511 1670 2575 suadas:
1746 2509 1997 2593 apicula
2067 2507 2189 2575 tibi
2260 2506 2553 2590 corporis,

222 2640 274 2681 20
289 2608 562 2674 camelus
621 2608 816 2673 animi
877 2611 1380 2694 magnitudinem
1438 2616 1646 2697 negat.
1721 2611 1953 2678 uideris
2012 2631 2089 2676 ne
2146 2610 2331 2676 istius
2384 2608 2557 2675 modi

290 2710 634 2777 rationibus
679 2713 990 2777 sententia
1033 2712 1157 2777 tibi
1201 2715 1431 2797 placita
1473 2714 1759 2781 labascat
1803 2733 1914 2780 nec
1966 2714 2303 2780 secundum
2337 2729 2551 2797 corpo-

494 2951 525 3003 1
562 2950 725 3019 Verg.
761 2952 894 3005 Aen.
930 2952 1012 3007 IV
1044 2952 1148 3007 402
1168 2968 1245 3021 sq.
1454 2956 1489 3007 4
1523 2954 1725 3009 Matth.
1762 2956 1845 3020 24,
1882 2954 1951 3009 20

2234 3130 2269 3141 Ν

391 3174 420 3227 1
458 3174 614 3227 uelut
649 3174 780 3229 libri
807 3181 1036 3243 praeter
1071 3176 1144 3229 M
1343 3176 1379 3230 2
1414 3177 1791 3261 compopulant
1824 3178 2134 3249 DEFMb,
2193 3156 2555 3263 csnpopulant

290 3276 360 3341 S,
421 3291 543 3331 cum
581 3278 841 3347 populant
877 3279 990 3335 BG
1015 3278 1138 3334 Βοὴ.
1174 3285 1226 3333 et
1269 3280 1480 3349 Verqili
1514 3278 1723 3335 codices
1912 3286 2130 3355 totoque
2166 3286 2223 3343 R
2238 3326 2252 3353 ,
2308 3290 2554 3358 tectoque

293 3396 346 3453 Cr*
369 3396 493 3453 Sch.
533 3403 587 3452 et
629 3398 784 3469 Ver-9.
831 3398 1064 3463 εοᾱκὶοεε,
1128 3372 1328 3469 υῡοῇιιθ
1372 3402 1427 3455 Β
1632 3403 1667 3456 3
1718 3402 1952 3459 hominis
2008 3383 2149 3470 1111),ι
2210 3408 2388 3461 omnis
2438 3409 2557 3465 rell.

273 3482 344 3553 'et
379 3499 505 3554 Βοὴ.
712 3504 1106 3569 comparatione
1158 3503 1280 3571 LS,
1341 3506 1763 3575 corporationem
1799 3506 1862 3561 E
1890 3508 1954 3563 in
1987 3524 2161 3579 mary.
2370 3514 2555 3579 proto-

289 3586 492 3653 plausti
539 3587 595 3642 R
800 3588 835 3641 4
880 3588 1062 3656 lapsus
1107 3586 1178 3643 M
1190 3590 1221 3644 b
1426 3592 1460 3647 5
1509 3592 1779 3649 deditione
1807 3610 1852 3661 p
2056 3595 2339 3651 fomiculae
2377 3598 2423 3651 S

290 3672 324 3725 6
359 3686 464 3723 non
500 3687 600 3725 om.
637 3673 926 3728 ABDEF
947 3675 1070 3731 Βοὴ.
1245 3676 1276 3730 7
1313 3678 1480 3733 locale
1514 3681 1679 3735 uncis
1711 3681 1935 3747 inclusi,
1990 3697 2092 3737 om.
2127 3684 2200 3737 M
2204 3684 2263 3737 ¹b
2278 3723 2292 3749 ‚
2345 3684 2556 3739 illocale·

288 3772 560 3826 super-scr.
608 3759 684 3812 M
685 3762 704 3790 ²
909 3762 983 3830 et]
1031 3764 1091 3818 at
1137 3760 1410 3819 Bwrthius
1616 3767 1650 3819 8
1704 3767 1935 3837 animus]
1984 3770 2067 3822 est
2112 3768 2243 3822 add.
2292 3769 2416 3823 Βοὴ.

289 3859 498 3898 comma
513 3850 641 3911 post
665 3859 878 3913 corpore
903 3848 1153 3915 emar-aui,
1180 3855 1312 3903 ante
1335 3850 1507 3919 igitur
1529 3851 1937 3923 mterpunysmt
1960 3854 2193 3909 editores
2370 3855 2437 3909 12
2471 3857 2557 3911 in-

289 3929 494 3999 localis]
533 3931 618 3983 est
651 3930 780 3985 add.
817 3931 1176 4002 ABDEFp²
1198 3934 1322 3990 sch.
1529 3940 1583 3991 et
1628 3953 1730 3992 om.
1765 3940 1878 3993 ΑΒ
2082 3938 2181 3993 hoc
2225 3940 2302 3995 Μ
2306 3941 2338 3995 b
2357 3981 2371 4007 ,
2426 3940 2556 3999 haec

289 4018 408 4073 rell.
445 4022 499 4071 et
535 4015 656 4071 Βοὴ.
867 4018 933 4071 14
967 4035 1132 4087 parua
1168 4036 1235 4074 ex
1268 4038 1436 4090 praua
1471 4024 1526 4077 Β
1736 4025 1801 4078 19
1836 4025 2043 4092 copiam
2078 4025 2160 4091 B,
2215 4026 2432 4096 qdpiam
2468 4030 2555 4093 M,

288 4118 544 4172 quorsum
594 4104 776 4157 autem
827 4103 858 4156 b
872 4142 885 4168 ,
946 4119 1176 4172 quonam
1223 4108 1364 4161 coni.
1403 4108 1525 4163 Sch.
1561 4109 1627 4164 in
1659 4110 1823 4175 notis,
1870 4111 2067 4165 suadas
2102 4128 2244 4166 nunc
2279 4113 2555 4170 uideamus

289 4192 322 4244 b
531 4188 601 4243 20
653 4188 808 4242 uides
860 4192 924 4242 ut
981 4190 1034 4244 G
1257 4194 1326 4247 21
1381 4196 2007 4265 sententia—labascat]
2065 4199 2393 4254 sententiam
2446 4202 2557 4256 tibi

289 4272 548 4340 placitam
584 4290 890 4329 euanescere
925 4274 1034 4329 Mb
1240 4278 1448 4347 placida
1494 4281 1939 4337 ABGGH¹L¹R
2146 4300 2242 4339 nec
2276 4286 2408 4343 ΒΜ
2442 4288 2554 4343 edd-

289 4366 462 4427 tores,
499 4361 599 4430 qui
633 4366 764 4416 wnte
796 4361 939 4415 hanc
973 4364 1228 4417 uoculam
1261 4365 1714 4437 interrogationis
1746 4368 1965 4438 siynum
1991 4376 2216 4437 pomum
