3175 5050
583 415 631 502 4
1419 433 1671 504 Fausti
1703 432 2017 502 Reiensis

583 629 773 708 atque
841 626 1170 707 argentum
1238 622 1482 702 dixeris,
1547 641 1679 709 „non
1746 615 1969 707 'statim
2034 623 2364 688 metallum
2434 623 2665 706 ipsum,
2740 623 2851 688 sed

579 727 829 794 metalli
885 726 1188 792 uocabula
1240 725 1584 810 protulisti.
1662 728 1896 792 etenim
1956 743 2180 792 aurum
2231 725 2407 792 aliud
2452 731 2548 792 est
2590 729 2661 792 in
2704 745 2851 810 pro·

577 833 847 915 prietate
911 828 1180 911 genem,
1249 828 1420 894 aliud
1486 829 1554 893 in
1622 827 2046 910 adpellatione
2112 829 2433 911 sermoniS,
2510 829 2685 896 aliud
2748 832 2851 896 est

581 954 727 1002 cum
771 931 932 1000 illud
973 933 1388 1012 nominamus,
1442 933 1613 998 aliud
1658 950 1802 998 cum
1847 936 2152 998 tenemus.

673 1052 941 1120 Genitus
988 1052 1051 1117 et
1093 1051 1408 1136 ingenitus
1453 1051 1833 1132 significatio
1865 1055 1958 1117 est
1989 1053 2259 1134 deitatis,
2292 1070 2417 1117 non
2459 1053 2595 1135 ipsa
2624 1051 2841 1132 deitaS,
2889 1075 2922 1116 ε»

583 1158 846 1223 naturae
877 1157 972 1221 est
1000 1154 1358 1240 adpellatio‚
1406 1171 1529 1221 non
1562 1158 1813 1225 natura.
1888 1155 2155 1238 ingeniti
2200 1155 2263 1222 et
2290 1155 2490 1240 geniti
2521 1174 2841 1239 nuncupa-

582 1260 674 1326 tio
734 1258 816 1325 ad
872 1259 988 1324 hoc
1040 1258 1230 1338 ualet,
1289 1259 1361 1323 ut
1419 1259 1559 1340 quis
1606 1277 1679 1323 ex
1722 1275 1842 1341 quo
1888 1259 2189 1325 subsistat
2233 1257 2567 1342 intellegas
2614 1261 2679 1324 et
2723 1278 2843 1325 non

582 1368 827 1448 patrem
874 1381 948 1427 ex
989 1361 1140 1439 filio,
1187 1361 1293 1426 sed
1323 1361 1523 1426 filium
1557 1380 1629 1425 ex
1659 1364 1839 1442 patre
1870 1379 2002 1426 esse
2034 1377 2389 1444 cognoscas.
2456 1361 2844 1444 principium

585 1484 658 1534 ex
701 1465 1011 1550 principio
1057 1469 1118 1530 et
1164 1483 1362 1530 unum
1407 1466 1502 1530 est
1547 1465 1611 1529 et
1668 1464 1853 1529 initio
1905 1465 2093 1544 caret,
2143 1483 2261 1548 quo
2308 1464 2492 1529 modo
2534 1465 2591 1530 si
2634 1466 2839 1531 dicas:

583 1571 734 1636 deus
791 1588 863 1636 ex
919 1569 1052 1650 deo,
1111 1587 1234 1636 non
1290 1572 1504 1636 tamen
1559 1567 1681 1636 duo
1740 1569 1851 1653 dii,
1898 1570 2006 1636 sed
2048 1588 2211 1636 unus
2258 1567 2511 1634 dicitur.
2590 1571 2841 1654 genitus
2865 1594 2923 1634 10

583 1692 746 1758 ergo,
802 1673 1120 1756 ingenitus
1181 1677 1246 1738 et
1304 1691 1380 1738 ex
1436 1676 1701 1755 utroque
1755 1674 2089 1755 procedens
2147 1691 2446 1756 personas
2515 1671 2843 1755 indigitat,

581 1794 706 1842 non
763 1777 1036 1842 naturas.
1112 1777 1410 1842 maiestas
1468 1778 1655 1856 enim,
1716 1793 1874 1860 quae
1930 1778 2097 1860 patri
2162 1779 2261 1842 est
2306 1775 2653 1842 indiscreta
2698 1795 2843 1842 cum

581 1879 714 1946 filio
769 1881 834 1946 et
892 1881 1119 1963 spiritu
1177 1881 1412 1956 sancto,
1471 1879 1778 1964 distingui
1843 1880 2199 1948 nominibus
2264 1881 2495 1962 potest,
2558 1880 2843 1946 ordinari

580 1983 874 2068 gradibus
917 2001 1042 2048 non
1083 1983 1308 2066 potest.

666 2106 806 2170 Hoc
861 2105 997 2170 loco
1051 2105 1365 2186 praescius
1423 2105 1669 2186 oportet
1724 2103 2137 2170 intentionem
2194 2104 2425 2170 mentis
2480 2103 2839 2172 admoneas.
2862 2127 2921 2168 ιε

586 2207 744 2272 dicis
787 2207 1082 2273 forsitan:
1130 2207 1278 2290 quia
1321 2226 1395 2272 ex
1437 2207 1548 2272 illo
1594 2209 1711 2286 est,
1756 2206 2064 2291 posterior
2102 2207 2215 2274 illo
2247 2211 2360 2274 est.
2428 2227 2547 2292 age
2576 2208 2657 2275 ad
2687 2207 2841 2274 haec

590 2310 989 2376 intellectum
1073 2314 1361 2375 nostrum
1448 2309 1764 2392 aliquibus
1842 2311 2388 2394 conparationibus
2460 2311 2840 2376 nutriamus.

580 2413 909 2479 uideamus
965 2413 1024 2480 si
1077 2416 1284 2497 aliqua
1340 2432 1440 2479 res
1496 2432 1569 2478 ex
1624 2414 1751 2478 alia
1806 2414 2084 2491 exsistat,
2145 2431 2303 2496 quae
2353 2415 2569 2480 tamen
2610 2415 2725 2480 illa
2770 2433 2845 2478 ex

583 2536 704 2601 qua
759 2517 1003 2583 exsistit
1060 2536 1184 2584 non
1225 2517 1316 2583 sit
1359 2517 1566 2583 aetate
1608 2517 1927 2601 posterior.
2000 2518 2176 2584 uerbi
2221 2517 2429 2603 gratia
2474 2516 2588 2583 hoc
2630 2518 2841 2602 ipsum

582 2620 700 2685 filii
759 2639 990 2687 nomen
1045 2641 1120 2687 ex
1171 2621 1371 2706 patris
1429 2620 1701 2686 deriuari
1766 2621 2015 2687 nomine
2082 2622 2376 2700 creditur,
2447 2638 2559 2686 nec
2624 2622 2839 2686 tamen
2858 2642 2918 2683 ω

524 2724 535 2739 “
580 2726 888 2806 posterius
944 2724 1285 2801 inuenitur,
1343 2724 1494 2808 quia
1537 2724 1663 2789 nisi
1720 2725 1842 2790 iste
1901 2728 2283 2801 nasceretur,
2338 2728 2515 2807 pater
2556 2724 2671 2792 ille
2714 2742 2839 2789 non

581 2826 912 2896 dicoretur.
989 2846 1130 2894 ecce
1172 2847 1418 2907 nomen,
1466 2832 1630 2911 quod
1669 2827 1961 2895 absolute
2009 2844 2305 2895 coaeuum
2350 2828 2451 2893 illi
2495 2831 2592 2895 est
2634 2847 2673 2894 a
2716 2846 2840 2912 quo

582 2931 696 3014 est,
742 2934 809 3000 et
850 2950 993 2997 cum
1036 2930 1205 2998 filius
1237 2951 1314 2997 ex
1343 2935 1518 3013 patre
1548 2930 1655 3011 sit,
1687 2932 1852 3014 patri
1883 2949 2108 2996 nomen
2136 2930 2305 3000 filius
2336 2930 2523 2997 facit:
2562 2932 2845 3015 adquirit

579 3033 848 3119 genitori
892 3034 1265 3100 uocabulum
1307 3033 1561 3117 pietatis
1605 3051 1869 3116 persona
1905 3034 2237 3099 nascentis.
2308 3052 2451 3099 cum
2483 3036 2596 3101 hoc
2626 3054 2697 3101 ex
2726 3035 2841 3101 illo

579 3139 685 3213 sit,
743 3155 854 3203 nec
909 3136 1025 3203 hoc
1079 3138 1386 3220 posterius
1442 3153 1556 3202 nec
1613 3136 1785 3202 aliud
1838 3137 2137 3219 probatur
2196 3136 2535 3220 antiquius,
2582 3142 2648 3203 et
2692 3157 2837 3203 cum
2858 3161 2921 3203 ει

579 3239 824 3305 brachii
879 3240 1130 3305 nomine
1183 3239 1350 3305 filius
1404 3258 1482 3305 ex
1538 3258 1794 3323 operum
1844 3240 2193 3306 uirtutibus
2238 3247 2657 3325 nuncupetur,
2702 3260 2841 3307 ecce

577 3342 904 3412 brachium
937 3344 1217 3427 procedit
1258 3361 1334 3407 ex
1379 3362 1649 3427 corpore,
1698 3346 1761 3408 et
1804 3347 2019 3409 tamen
2060 3344 2297 3421 brachii
2343 3346 2519 3412 aetas
2566 3346 2840 3428 corporis

579 3464 705 3511 non
762 3448 1090 3529 praecedit.
1163 3446 1428 3529 uerbum
1485 3466 1558 3511 ex
1616 3464 1769 3512 uoce
1823 3446 2158 3529 profertur,
2206 3449 2270 3513 et
2314 3451 2527 3521 tamen
2572 3467 2719 3517 cum
2764 3469 2843 3515 ex

682 3736 717 3789 2
761 3735 962 3789 etenim
1007 3734 1290 3801 eusicius,
1361 3735 1504 3791 enim
1549 3736 1604 3789 Z
1814 3738 1850 3791 3
1896 3736 2220 3805 apellatione
2263 3738 2340 3814 ΖΙ
2527 3739 2562 3793 6
2608 3718 2861 3795 1181111·αά

577 3829 803 3899 scripsi,
870 3831 1066 3889 natura
1116 3830 1173 3883 Z
1191 3830 1476 3894 canisium
1535 3832 1780 3887 correxit
1836 3832 2335 3901 interpunctionem
2392 3832 2456 3894 im
2508 3833 2849 3889 editiomtua

568 3924 806 3994 pessime
835 3924 1220 3993 perturbatam
1256 3926 1549 3981 Han-tebius
1754 3926 1789 3981 8
1834 3928 2041 3995 patrem
2088 3926 2143 3979 Z
2344 3927 2406 3981 11
2458 3927 2737 3996 ingenitus
2782 3931 2847 3985 et

579 4032 640 4072 ex
676 4021 902 4087 utroque
944 4019 1144 4087 sampsi
1157 4060 1170 4084 ‚
1241 4022 1296 4075 et
1330 4019 1611 4090 ingenitus
1646 4024 1703 4073 et
1736 4034 1799 4073 ex
1834 4022 2067 4088 utroque
2104 4020 2389 4086 Canidios,
2460 4022 2517 4075 et
2560 4022 2846 4091 ingenitus

580 4127 640 4165 ex
675 4113 905 4181 utraque
941 4112 1014 4178 Z,
1087 4114 1380 4183 ingenitus,
1419 4129 1479 4169 ex
1514 4116 1742 4183 utroque
1774 4114 1997 4169 mauult
2032 4114 2321 4169 Hartelius
2529 4114 2597 4168 15
2635 4118 2850 4184 oportit

577 4198 632 4251 Z
823 4196 892 4250 16
927 4212 1056 4267 aege
1091 4198 1147 4252 Z
1342 4201 1410 4253 18
1444 4216 1505 4253 ex
1539 4200 1669 4267 alia]
1708 4198 1867 4253 exilia
1901 4198 1957 4252 Z
2146 4214 2247 4267 que
2284 4199 2339 4253 Z
2526 4200 2613 4255 illi
2649 4202 2704 4255 Z

577 4281 648 4335 20
683 4280 802 4335 filil!
834 4282 888 4335 Z
1055 4283 1281 4339 dirinari
1316 4284 1370 4337 Z
1536 4284 1607 4339 24
1640 4300 1891 4353 personae
1926 4285 1947 4339 Ζ
2118 4286 2185 4339 27
2223 4302 2412 4355 corpus
2444 4286 2701 4343 canisius

572 4368 646 4423 28
681 4368 918 4437 precedit
952 4368 1008 4422 Z
