3175 5050
50 1365 54 1390 .-
49 1173 56 1310 ---,,--
50 969 58 1148 a--·---.
50 773 57 954 —q-—ae—
51 735 58 752 ..
53 711 56 714 .
53 657 56 678 ..
49 591 56 618 w..
50 557 53 562 >

673 414 794 478 116
1438 409 1801 466 Claudiani
1844 409 2156 464 Mamerti

671 607 834 668 certe
891 619 1106 682 corpus
1166 597 1563 680 longitudine
1621 601 1685 662 et
1744 597 2083 663 latitudine
2143 598 2210 662 et
2262 597 2597 664 altitudine
2644 597 2943 674 dicimnS,

671 706 845 770 cuius
911 703 1126 785 utique
1185 703 1462 782 spatium
1520 701 1751 784 grande
1808 702 1911 765 uel
1968 720 2229 784 paruum
2274 719 2386 784 pro
2444 703 2543 766 sui
2588 700 2947 784 capacitate

671 825 1011 873 censemus.
1082 823 1226 884 ergo
1270 806 1520 871 tantum
1565 803 1837 886 quidque
1895 803 2161 886 corporis
2222 805 2655 886 quodcumque
2712 821 2949 886 corpus

672 910 918 992 recipit,
965 909 1270 990 quantum
1315 926 1423 989 pro
1471 907 1884 990 amplitudine
1916 925 2111 989 capax
2158 909 2269 971 est.
2318 908 2409 972 sic
2440 907 2727 990 equidem
2756 909 2949 972 tran-

675 1032 889 1080 scenso
935 1012 1248 1080 inferioris
1302 1011 1618 1076 creaturae
1663 1011 1860 1094 gradu
1897 1010 2327 1076 sublimiorem
2358 1030 2536 1076 cerne
2584 1013 2945 1075 creaturam
2988 1033 3013 1073 5

676 1119 742 1182 et
789 1116 984 1182 animi
1029 1114 1527 1198 magnitudinem
1575 1115 1674 1180 sui
1722 1118 2067 1196 capacitate
2111 1114 2357 1180 metire.
2417 1132 2561 1180 ecce
2606 1132 2799 1198 capax
2844 1119 2950 1179 est

681 1219 892 1286 anima
936 1219 1208 1284 humana
1239 1218 1601 1302 sapientiae,
1650 1236 1840 1300 capax
1887 1236 2156 1300 namque
2186 1219 2287 1282 est
2316 1218 2465 1299 eius,
2498 1235 2655 1299 quae
2682 1217 2947 1282 intelle-

676 1341 832 1406 gens
893 1321 1024 1386 eius
1081 1326 1196 1386 est.
1265 1340 1410 1405 ergo
1455 1325 1526 1386 ut
1587 1324 1734 1386 ante
1806 1321 2127 1405 indeptam
2172 1321 2547 1405 sapientiam
2594 1323 2947 1404 sapientiae

675 1444 873 1507 capax
918 1425 1040 1490 dici
1086 1444 1210 1490 non
1253 1425 1479 1507 potest,
1527 1425 1617 1488 sic
1650 1425 1987 1506 antequam
2017 1425 2327 1507 particeps
2365 1424 2499 1490 eius
2528 1425 2657 1504 fiat,
2692 1425 2951 1507 sapiens

675 1529 798 1594 dici
853 1546 978 1592 non
1021 1529 1246 1609 potest.
1324 1530 1468 1594 istic
1512 1545 1626 1610 ego
1671 1527 2107 1608 percontatum
2155 1527 2361 1606 uenio,
2408 1527 2770 1608 spatiumne
2816 1527 2950 1592 loci
2970 1554 3017 1592 10

671 1633 800 1696 fore
845 1631 1078 1696 iudices
1125 1649 1203 1695 an
1247 1631 1510 1697 inlocale
1555 1631 1814 1713 aliquid,
1862 1650 1982 1712 quo
2029 1631 2277 1712 capitur
2306 1631 2655 1713 sapientia?
2700 1649 2817 1714 ego
2848 1631 2954 1696 sic

675 1753 916 1816 censeo,
975 1738 1135 1818 qnod
1181 1735 1237 1799 si
1283 1737 1625 1799 secundum
1678 1735 1950 1817 spatium
1980 1733 2339 1818 sapientiae
2385 1751 2579 1814 capax
2622 1736 2721 1800 est
2769 1734 2951 1818 sapi·
3046 1753 3054 1762 ·

671 1838 839 1902 entis
887 1839 1113 1916 anima,
1162 1856 1309 1922 ergo
1353 1841 1697 1904 secundum
1742 1839 1971 1903 molem
2002 1855 2229 1920 magna
2259 1839 2354 1902 est
2384 1838 2704 1918 sapientia.
2770 1839 2951 1919 quod

673 1940 820 2024 quia
865 1957 988 2005 non
1045 1940 1196 2004 sinit
1253 1941 1379 2005 dici
1436 1941 1693 2019 ueritaS,
1739 1941 2006 2006 inlocale
2050 1941 2147 2004 est
2194 1941 2355 2022 quod
2414 1939 2599 2024 capit,
2656 1941 2731 2005 ut
2777 1941 2949 2007 inlo-

673 2044 806 2108 cale
849 2043 1048 2124 possit
1086 2062 1220 2108 esse
1265 2043 1427 2125 quod
1473 2044 1737 2126 capitur.
1814 2063 1891 2108 en
1934 2042 2055 2108 tibi
2088 2043 2347 2108 humani
2378 2043 2571 2108 animi
2604 2043 2743 2108 sine
2774 2046 3015 2109 11101615

672 2146 1194 2228 magnitudinem,
1237 2147 1482 2212 numeri
1534 2166 1703 2212 nunc
1746 2147 1991 2212 intuere
2034 2149 2358 2213 rationem.

758 2265 1304 2350 Animaduertisti,
1367 2273 1439 2332 ut
1498 2268 1785 2350 arbitror,
1849 2267 2002 2332 haec
2062 2285 2193 2332 esse
2246 2269 2313 2332 in
2358 2271 2713 2351 corporibus
2762 2272 2953 2356 signa

674 2387 1093 2448 numerorum,
1156 2370 1320 2452 qnod
1377 2371 1621 2435 scilicet
1682 2389 2011 2436 numerosa
2076 2372 2207 2436 sint
2266 2389 2543 2454 corpora,
2606 2391 2769 2455 quae
2824 2376 2951 2440 sibi

680 2473 1025 2539 secundum
1069 2475 1675 2557 praestantissimam
1707 2476 1953 2541 numeri
1983 2476 2429 2559 aequalitatem
2460 2476 2743 2559 partium
2774 2478 2952 2561 pari-

676 2578 861 2643 litate
903 2577 1338 2661 respondeant,
1398 2582 1472 2643 ut
1517 2578 1809 2661 quoniam
1855 2578 2038 2643 unius
2082 2579 2160 2643 ad
2206 2598 2404 2644 unum
2450 2584 2511 2644 et
2555 2580 2827 2645 duorum
2874 2583 3015 2647 adzo

677 2681 800 2745 duo
848 2681 912 2745 et
957 2683 1033 2747 ad
1078 2681 1203 2747 tria
1246 2681 1444 2747 trium
1501 2701 1745 2747 summa
1805 2682 2151 2765 aequalitas
2212 2688 2325 2761 est,
2384 2683 2473 2748 sic
2515 2684 2737 2749 itidem
2783 2684 2951 2750 illud

678 2801 1080 2849 numerosum
1127 2802 1344 2866 corpus
1390 2804 1521 2851 esse
1567 2783 1867 2865 dicamuS,
1916 2788 2075 2868 quod
2121 2788 2259 2852 rata
2292 2785 2678 2852 dimensione
2710 2788 2949 2853 forma-

780 3076 808 3128 l
855 3073 1144 3129 alti-tudine
1192 3077 1249 3127 et
1291 3074 1584 3128 latitudine
1632 3074 1687 3129 R
1894 3075 1928 3128 3
1976 3075 2179 3143 qulldq·
2229 3076 2309 3143 D,
2369 3078 2505 3147 quiq
2547 3076 2628 3141 L,
2688 3078 2953 3147 quicquid

677 3177 756 3233 (Ρ
790 3178 1023 3233 editores
1038 3221 1051 3245 ,
1115 3178 1280 3265 quicq,
1317 3178 1364 3233 S
1561 3178 1597 3231 4
1643 3180 1971 3233 transcensio
2020 3179 2067 3233 S
2268 3181 2302 3234 5
2348 3184 2649 3235 creaturam
2685 3198 2854 3235 cerne
2888 3182 2962 3236 M

673 3296 905 3352 editores
1110 3298 1144 3351 6
1198 3298 1576 3367 magnitudine
1628 3299 1795 3353 ABR
2003 3300 2035 3353 7
2088 3300 2321 3371 humane
2378 3301 2435 3356 R
2642 3304 2837 3373 capax]
2898 3307 2951 3357 et

671 3416 774 3469 pax
808 3399 881 3453 Μ
889 3402 920 3453 b
1109 3404 1193 3454 est
1228 3417 1328 3457 om.
1359 3404 1428 3471 1²²
1619 3402 1751 3472 eius]
1790 3405 2000 3457 animae
2036 3404 2100 3470 b,
2160 3406 2370 3458 animae
2404 3405 2519 3459 eius
2545 3420 2591 3473 p
2787 3408 2949 3475 qnae]

673 3501 774 3554 que
827 3485 920 3539 uia
969 3486 1236 3552 DE¹FP,
1299 3488 1446 3543 unda
1502 3491 1651 3558 (quia
1671 3488 1722 3559 ,9)
1780 3490 1841 3556 Τ,
1903 3490 1995 3559 (1111
2050 3493 2104 3545 et
2156 3492 2271 3561 (qui
2316 3508 2495 3560 supra
2535 3497 2823 3558 rasuram)
2884 3494 2949 3559 L,

672 3586 808 3640 quae
843 3574 900 3625 ct
945 3572 1012 3636 S,
1071 3587 1177 3642 qua
1223 3573 1368 3641 Sela,
1429 3576 1524 3643 qui
1559 3575 1643 3642 R,
1704 3577 1829 3644 quia
1856 3580 1926 3645 1²²
2132 3577 2166 3631 8
2215 3580 2329 3631 eius
2376 3594 2477 3631 om.
2507 3594 2553 3647 p
2590 3584 2643 3633 et
2679 3578 2808 3634 Seh.

671 3660 755 3710 est
791 3674 892 3712 om.
928 3658 985 3711 A
1192 3661 1226 3712 9
1262 3676 1365 3713 11011
1401 3660 1625 3716 inclusit
1659 3662 1935 3717 Barthius
2144 3664 2213 3717 10
2254 3664 2349 3717 isti
2392 3666 2450 3717 A
2657 3681 2795 3735 ergo
2836 3667 2949 3721 BD

669 3742 899 3797 EFMS
916 3744 1151 3799 editores
1326 3751 1669 3813 perconatum
1703 3750 1763 3815 0,
1816 3753 2221 3818 percunctatum
2246 3750 2540 3807 ABDEF
2710 3754 2775 3806 11
2808 3754 2949 3823 sapi-

670 3829 874 3883 entiam
911 3830 966 3885 R
1139 3830 1216 3883 sic
1241 3832 1448 3901 censeo]
1476 3849 1755 3888 succenseo
1778 3836 1835 3889 R
2019 3837 2087 3891 12
2112 3838 2371 3906 sapientis
2403 3836 2657 3907 (sapienti
2682 3838 2738 3902 b)
2762 3838 2952 3891 anima

669 3916 962 3982 sapientiae
988 3930 1152 3984 capax
1177 3918 1260 3969 est
1284 3916 1521 3971 editores
1699 3921 1957 3988 sapientis
1976 3922 2243 3977 —molem
2268 3922 2397 3977 add.
2422 3924 2519 3977 Μ’
2538 3926 2606 3978 in
2628 3940 2812 3994 mary.

673 4000 741 4053 14
775 4016 883 4053 non
919 4016 1020 4054 om.
1060 4001 1184 4056 Seh.
1395 4003 1537 4057 sinet
1572 4005 1704 4059 libri
1729 4012 1963 4073 praeter
1996 4008 2182 4063 AGM
2384 4009 2443 4063 in
2480 4010 2597 4063 loca
2632 4014 2717 4065 est
2752 4010 2815 4065 R

673 4086 739 4140 15
781 4100 884 4154 quo
924 4086 1036 4141 Mb
1245 4088 1479 4144 humana
1514 4090 1627 4144 BB
1834 4094 1901 4147 18
1936 4093 2089 4163 quae]
2128 4110 2349 4163 corpora
2382 4095 2565 4151 denuo
2601 4096 2735 4151 add.
2772 4098 2952 4152 ΑΒΖ)

669 4170 786 4225 EF
987 4173 1056 4225 20
1091 4174 1230 4229 aduo
1265 4174 1320 4231 R
1525 4176 1591 4229 21
1631 4176 1733 4248 est]
1773 4178 1847 4231 sit
1882 4178 2180 4247 Bao-thim,
2234 4182 2333 4249 qui
2364 4182 2461 4237 lin.
2496 4185 2576 4237 20
2614 4172 2743 4251 post
2779 4200 2953 4237 unum

668 4262 844 4312 mente
897 4266 980 4311 est
1027 4260 1398 4328 supplendum
1451 4268 1635 4318 censet
1896 4265 1992 4335 sic]
2049 4269 2139 4319 sed
2187 4283 2226 4335 p
2494 4268 2636 4323 idem
2692 4269 2813 4325 Mb

668 4343 737 4397 22
771 4359 1112 4398 numerorum
1147 4346 1316 4402 ABG
1521 4347 1838 4404 dimessione
1872 4351 1929 4404 A
