3175 5050
599 459 644 525 6
1433 457 1679 513 Fausti
1712 459 2027 514 Reiensis

601 647 794 712 deus
862 649 1156 726 noster,
1216 650 1294 713 et
1337 666 1480 714 non
1545 649 2064 733 reputabitur
2124 654 2335 719 alius
2394 652 2484 719 ad
2542 672 2735 738 eum,
2796 658 2861 721 et

600 751 746 832 post
789 750 972 816 haec:
1017 749 1232 816 inter
1275 752 1631 818 homines
1676 755 1893 820 uisus
1938 758 2170 822 estet
2204 777 2369 822 cum
2411 758 2859 825 hominibus

603 857 1136 920 conuersatus
1195 858 1335 923 est.
1411 859 1758 922 secundum
1816 859 1969 925 haec
2030 878 2172 944 ergo
2226 860 2394 925 inter
2451 861 2741 946 genitum
2793 865 2860 926 et

603 958 959 1041 ingenitum
1014 975 1130 1023 nec
1187 959 1338 1024 ordo
1397 960 1511 1038 est,
1559 961 1709 1042 quia
1752 965 2070 1041 unus-est,
2119 981 2233 1029 nec
2274 964 2527 1046 tempus
2572 965 2856 1045 interest,

602 1063 750 1145 quia
812 1061 1050 1144 primus
1119 1066 1230 1142 est,
1289 1081 1401 1130 nec
1455 1066 1915 1146 postponendus
1970 1069 2085 1146 est,
2143 1067 2287 1149 quia
2344 1070 2511 1133 solus
2571 1071 2687 1146 est,
2746 1087 2859 1133 nec
2902 1093 2933 1134 5

599 1167 806 1232 minor
865 1165 1158 1232 dicendus
1227 1167 1344 1243 est,
1405 1169 1552 1248 quia
1608 1167 1823 1249 plenus
1877 1169 1992 1234 est.
2070 1187 2214 1252 ergo
2273 1171 2503 1236 dicitur
2544 1171 2857 1253 perfectus

601 1268 1024 1351 simplicisque
1077 1269 1354 1344 naturae,
1411 1270 1892 1338 inaestimabilis
1953 1275 2017 1336 et
2072 1271 2483 1356 inpassibilis,
2540 1275 2661 1339 etsi
2715 1294 2859 1340 eum

601 1373 942 1438 secundum
993 1389 1243 1437 carnem
1288 1391 1543 1454 passum
1575 1392 1710 1438 esse
1742 1392 1853 1458 pro
1885 1375 2064 1442 nobis
2094 1377 2400 1442 ueraciter
2430 1380 2496 1444 et
2525 1377 2860 1443 salubriter

601 1475 986 1541 confitemur.

685 1598 842 1664 Post
905 1598 1058 1663 haec
1123 1598 1407 1682 sequenti
1473 1597 1607 1664 loco
1670 1600 1915 1682 quaeris
1983 1619 2020 1666 a
2078 1619 2197 1678 me,
2258 1619 2379 1684 quo
2436 1604 2618 1668 modo
2682 1603 2858 1669 iuxta
2874 1630 2933 1668 ιο

599 1704 1020 1770 substantiam
1096 1701 1194 1767 dei
1266 1704 1332 1767 in
1407 1703 1679 1784 epistula
1752 1705 2022 1786 quadam
2088 1707 2391 1787 scriptum
2458 1705 2576 1770 sit:
2644 1705 2855 1770 nihil

599 1809 853 1872 sensit
925 1805 1322 1889 patientis
1396 1825 1667 1888 sensu,
1758 1807 1893 1873 sed
1968 1810 2220 1874 sensit
2294 1809 2852 1891 conpatientis

597 1911 940 1977 adfectu.

684 2031 894 2095 Primo
933 2030 1062 2107 hoc,
1098 2032 1258 2112 quod
1290 2049 1402 2095 nec
1434 2029 1827 2112 philosophos
1863 2031 2071 2110 latuit,
2109 2033 2265 2096 scire
2294 2034 2849 2115 promptissimum,

594 2134 829 2221 .<quia>
876 2137 938 2199 in
987 2133 1238 2198 homine
1269 2133 1554 2198 diuersae
1583 2133 1988 2214 adfectiones,
2034 2134 2098 2200 id
2130 2141 2245 2213 est,
2292 2135 2556 2211 iustitia,
2604 2136 2927 2214 miseri-15

599 2239 826 2315 cordia,
885 2239 1200 2321 sanctita&
1262 2237 1715 2315 beneuolentia,
1776 2239 1977 2321 pietas
2034 2257 2130 2304 res
2190 2240 2553 2305 accedentes
2599 2241 2747 2304 sunt
2789 2241 2855 2304 et

593 2342 733 2407 ideo
765 2340 1046 2406 adfectus
1078 2343 1398 2405 uocantur.
1477 2341 1629 2406 deus
1659 2359 1808 2407 uero
1840 2341 1939 2408 his
1971 2360 2091 2406 non
2124 2343 2512 2424 passibiliter
2540 2342 2850 2421 adficitur,

597 2447 744 2530 quia
799 2446 854 2509 ei
912 2446 1114 2508 inesse
1169 2443 1402 2529 iugiter
1461 2447 1524 2508 et
1569 2443 1945 2510 naturaliter
1991 2444 2416 2510 dinoscuntur.
2494 2463 2639 2529 ergo
2686 2448 2851 2529 quod

593 2552 662 2615 in
728 2551 975 2614 homine
1033 2548 1312 2613 adfectus
1369 2551 1433 2613 et
1491 2550 1718 2632 gratia,
1776 2552 1842 2613 in
1900 2532 2013 2614 deo
2069 2550 2273 2613 uirtus
2332 2553 2427 2614 est
2484 2552 2550 2615 et
2604 2554 2849 2617 natura.

593 2673 740 2720 nam
807 2652 970 2736 quod
1035 2654 1274 2718 dictum
1341 2652 1467 2718 est:
1528 2652 1741 2716 nihil
1798 2652 2056 2717 sensit
2110 2654 2515 2734 patientis
2582 2673 2923 2736 sensum>

593 2778 624 2823 s
649 2760 733 2823 ed
807 2757 1061 2821 sensit
1129 2774 1261 2819 con
1284 2755 1681 2838 patientis
1751 2756 2095 2840 adfectu,
2165 2774 2274 2820 cur
2346 2755 2674 2839 quisquam
2739 2757 2851 2822 illo

591 2880 782 2927 sensu
829 2862 1030 2925 dicere
1073 2876 1198 2923 non
1241 2864 1619 2941 praesumat,
1667 2860 1829 2941 quod
1874 2860 2068 2924 etiam
2113 2859 2546 2942 propheticum
2578 2878 2849 2925 comme-

591 2966 838 3029 morat:
907 2964 1241 3039 domine‚
1302 2982 1389 3026 ne
1447 2964 1524 3027 in
1583 2964 1708 3026 ira
1766 2963 1899 3027 tua
1952 2980 2239 3045 arguas
2300 2980 2411 3027 me
2470 2980 2711 3045 neque
2770 2964 2849 3028 in

593 3070 856 3134 furore
911 3070 1043 3131 tuo
1107 3066 1496 3149 corripias
1554 3084 1697 3146 me,
1758 3070 1850 3130 et:
1913 3066 2217 3131 iurauit
2270 3067 2664 3144 dominuS‚
2712 3084 2851 3131 nec

591 3171 1040 3255 paenitebit
1085 3189 1282 3245 eum,
1327 3170 1684 3234 etiterum:
1716 3170 1977 3234 iratus
2022 3171 2143 3234 est
2185 3169 2539 3234 dominus
2568 3169 2922 3253 populeas

591 3293 734 3340 suo
790 3279 867 3341 et
927 3273 1436 3339 abominatus
1494 3277 1615 3337 est
1670 3273 2201 3337 hereditatem
2266 3290 2513 3350 suam,
2574 3273 2639 3336 et
2694 3273 2848 3338 item

793 3504 827 3557 2
862 3504 987 3560 Bar.
1021 3504 1075 3567 3,
1108 3503 1178 3557 38
1388 3502 1446 3556 11
1479 3502 1604 3556 uide
1626 3502 1817 3557 Fausti
1841 3501 2125 3569 epistulam
2150 3501 2220 3555 ad
2242 3500 2473 3556 Gratum
2498 3502 2640 3571 apud
2664 3468 2851 3581 Mig'ne

587 3590 776 3645 LVIII
809 3588 914 3645 854
937 3586 980 3642 G
1185 3588 1255 3642 23
1308 3588 1504 3641 Psalm.
1559 3590 1609 3654 6,
1655 3588 1718 3651 2ς
1773 3588 1857 3654 37,
1898 3588 1932 3641 2
2137 3588 2206 3641 24
2258 3587 2457 3641 Psalm.
2515 3589 2631 3655 109,
2678 3590 2712 3643 4

586 3677 656 3731 25
692 3675 890 3731 Psalm.
930 3674 1047 3739 105,
1082 3673 1154 3727 40

694 3890 760 3944 10
805 3889 986 3959 queris
1035 3888 1091 3942 Z
1289 3888 1356 3941 12
1403 3887 1660 3956 patientis
1695 3887 1917 3955 scripsi,
1964 3887 2038 3953 cf.
2074 3886 2236 3953 infra
2272 3888 2372 3941 lin.
2409 3890 2510 3952 20,
2580 3888 2851 3958 pacientes

588 3982 634 4041 (s
668 3976 732 4030 in
755 3978 890 4043 ras.)
929 3974 1002 4040 Z,
1063 3974 1305 4043 patiente
1337 3974 1597 4029 canisius
1774 3973 2133 4043 conpatientis
2168 3975 2391 4042 scripsi,
2456 3975 2850 4043 compacientes

587 4063 661 4128 Z,
733 4061 1092 4130 compatiente
1129 4059 1383 4115 Canisius
1589 4059 1657 4113 14
1704 4060 2175 4130 prumptissimum
2223 4060 2278 4113 Z
2478 4060 2546 4114 15
2592 4060 2716 4129 quia
2759 4061 2850 4114 in-

582 4148 736 4204 serui
771 4162 838 4201 ex
879 4146 1077 4203 Claud.
1113 4146 1288 4200 Mam.
1325 4146 1450 4200 libr.
1479 4145 1522 4199 I
1551 4162 1673 4214 cap.
1700 4145 1830 4213 III,
1885 4162 1983 4201 om.
2021 4147 2071 4200 Z
2092 4146 2353 4201 Canisius
2548 4145 2850 4199 affectionis

582 4234 639 4289 Z
830 4233 896 4287 16
932 4232 1263 4300 accedentes]
1303 4233 1374 4299 cf.
1398 4233 1635 4286 indicem
1658 4247 1699 4286 8.
1725 4250 1781 4288 u.
1981 4233 2045 4285 17
2083 4232 2414 4300 possibiliter
2450 4232 2709 4287 Canisius

585 4320 651 4373 19
687 4320 764 4389 et]
801 4335 863 4373 ex
905 4319 1165 4375 C'cmisius
1199 4324 1434 4388 utroque
1466 4320 1596 4381 Ζοοο,
1632 4318 1727 4373 sed
1762 4318 1832 4383 cf.
1878 4318 2071 4373 Claud.
2112 4318 2285 4373 Mam.
2322 4318 2360 4374 l.
2405 4333 2449 4373 c.
2651 4317 2721 4373 20
2758 4334 2849 4388 pa·

582 4406 776 4460 cientis
813 4406 866 4459 Z
1067 4404 1133 4458 21
1171 4404 1526 4474 conpacientis
1561 4404 1615 4457 Z
1812 4404 1879 4457 25
1916 4404 2180 4472 penitebit
2215 4403 2268 4457 Z
