3175 5050
1295 421 1669 508 Epistula.-
1798 475 1803 480 .
2086 419 2092 425 ’
2551 442 2589 506 ⁷

329 627 576 694 diuerso
621 627 871 695 adfectu
915 628 1150 696 Iacob
1183 628 1568 694 dilexisse
1610 629 1689 696 et
1730 629 1936 695 Esau
1980 628 2159 695 odio
2220 631 2592 698 habuisse

331 731 724 797 describitur.
802 732 1160 799 contristari
1215 734 1282 798 in
1327 733 1603 817 peccatis
1671 731 1899 798 nostris
1958 733 2021 797 et
2074 734 2321 800 laetari·
2362 734 2594 800 dicitur

320 834 397 900 in
463 835 752 917 operibus
819 838 949 901 suis
1018 838 1081 902 et
1149 835 1497 901 adfectibus
1567 833 1898 901 subiacens
1956 839 2031 902 de
2090 855 2155 901 se
2210 837 2347 919 ipse
2405 837 2591 903 dicit:

327 939 698 1020 paenitet
740 959 856 1003 me
899 939 1186 1004 fecisse
1242 939 1665 1018 hominem,
1728 942 1793 1003 et
1834 939 1909 1003 de
1956 958 2202 1006 summa
2246 942 2400 1006 caeli
2446 943 2591 1006 sede

286 1043 726 1125 spronuntiat:
785 1041 1048 1122 Saule,
1107 1042 1372 1120 Saule,
1433 1043 1619 1126 quid
1676 1062 1789 1108 me
1851 1027 2405 1126 persequeris?
2463 1045 2592 1110 iam

331 1146 398 1210 et
459 1145 871 1228 conpatientis
927 1147 1252 1212 ostendere
1309 1146 1630 1212 adfectum
1690 1145 1959 1228 uidetur,
2008 1162 2152 1212 cum
2195 1147 2377 1214 dicit:
2425 1166 2591 1213 esu-

329 1247 501 1313 riui
551 1252 625 1314 et
673 1249 1012 1315 dedistis
1061 1251 1249 1317 mihi
1291 1253 1802 1326 manducare,
1848 1249 2195 1316 sitiuiet
2239 1251 2591 1322 dedistis

327 1351 522 1416 mihi
565 1352 872 1429 bibere,
930 1355 994 1418 et
1037 1353 1281 1435 reliqua
1323 1354 1508 1418 huius
1555 1353 1743 1434 modi,
1813 1372 1971 1436 quae
2017 1355 2352 1419 memoriae
2396 1355 2591 1419 abun-

330 1455 558 1520 danter
602 1459 953 1520 occurrunt.

259 1596 314 1636 ιο
418 1572 553 1652 Quo
597 1577 780 1640 modo
827 1594 992 1659 ergo,
1047 1575 1102 1640 si
1149 1578 1478 1659 quisquam
1521 1581 1803 1644 sacerdos
1848 1577 2190 1662 multiplici
2232 1579 2594 1661 linguarum

331 1677 597 1744 scientia
638 1666 967 1762 praeditusx
1005 1684 1068 1745 et
1111 1682 1179 1745 in
1221 1680 1425 1745 medio
1471 1680 1861 1746 diuersarum
1895 1681 2183 1766 gentium
2217 1681 2593 1746 constitutus

329 1781 690 1847 Hebraeum
762 1782 1070 1860 Hebraeo,
1157 1781 1465 1848 Graecum
1540 1781 1795 1864 Graeco,
1884 1783 2237 1849 Romanum
2311 1783 2592 1849 Romano

330 1886 754 1950 instructurus
799 1885 1083 1970 adloquio
1144 1889 1483 1952 secundum
1529 1887 1918 1970 singulorum
1963 1882 2357 1953 intellectum
2400 1887 2594 1952 uerba

331 1989 666 2054 conformet
724 1989 786 2054 et
841 1990 1011 2053 iuxta
1068 1989 1251 2054 unius
1291 1989 1609 2072 cuiusque
1667 2009 1922 2057 sensum
1980 1991 2105 2056 oris
2176 1992 2273 2056 sui
2344 1991 2595 2072 coaptet

262 2093 692 2175 15'ad10quillm
753 2095 818 2157 et
879 2093 1152 2158 dissonas
1214 2095 1398 2158 unius
1465 2093 1665 2158 cordis
1734 2094 1798 2160 et
1864 2095 2265 2178 [peccatoris]
2326 2094 2594 2174 pectoris

329 2214 513 2262 uoces
539 2237 544 2245 ι
567 2197 632 2260 in
692 2196 896 2262 uarios
954 2198 1274 2278 dispenset
1332 2197 1603 2276 auditus,
1661 2197 1757 2263 ita
1814 2202 1876 2262 et
1936 2199 2087 2262 deus
2146 2215 2286 2263 cum
2344 2196 2595 2262 homine

329 2299 652 2365 locuturus
697 2302 1018 2364 adsumere
1078 2299 1376 2384 dignatur
1420 2300 1688 2365 hominis
1733 2301 2041 2386 linguam,
2088 2302 2358 2367 formam
2402 2301 2591 2364 etiam

329 2402 729 2485 suscepturus
771 2403 1116 2468 humanam
1160 2421 1272 2484 per
1316 2403 1760 2468 intellectuum
1803 2408 2162 2469 nostrorum
2208 2419 2387 2468 sonos
2417 2401 2589 2465 ordi-

327 2507 659 2573 nationum
714 2509 1065 2572 nostrarum
1110 2507 1502 2573 contestatur
1543 2507 1846 2574 adfectus
1922 2527 2069 2575 nam
2127 2509 2279 2573 dum
2324 2503 2598 2588 quinque

261 2610 750 2677 eohumanorum
795 2628 1090 2676 sensuum
1123 2610 1325 2676 officia
1354 2610 1710 2677 describens
1738 2613 1835 2677 ita
1864 2612 2050 2678 dicit:
2098 2608 2310 2677 oculi
2354 2607 2592 2673 domi-

332 2713 413 2778 ni
467 2732 697 2795 super
751 2713 1020 2777 iustos
1077 2714 1152 2777 et
1211 2731 1440 2777 aures
1493 2713 1665 2778 'eius
1717 2714 1811 2780 ad
1855 2734 2137 2797 preces
2182 2731 2481 2791 eorum,
2531 2715 2599 2775 et

328 2816 597 2880 iterum:
645 2833 720 2880 os
763 2815 1065 2881 domini
1109 2815 1464 2881 locutum
1509 2821 1658 2897 est,
1697 2817 1883 2882 item:
1932 2822 2007 2883 et
2052 2820 2429 2883 odoratus
2472 2816 2600 2895 est

331 2923 649 2986 odorem
705 2919 1182 2999 suauitatis,
1245 2920 1348 2989 et:
1399 2938 1673 2985 manus
1729 2940 1896 2986 mea
1954 2921 2153 2987 fecit
2208 2920 2403 2987 haec
2446 2937 2591 2983 om-

331 3024 485 3087 nia.
557 3022 858 3089 caelum
901 3023 1092 3087 mihi
1138 3024 1470 3089 thronus
1516 3026 1667 3103 est,
1712 3026 1933 3091 terra
1976 3030 2241 3091 autem
2285 3023 2596 3090 scabel-

540 3240 566 3290 1
615 3236 848 3291 Malaeh.
898 3238 944 3299 1,
990 3237 1153 3306 2sq.;
1229 3238 1383 3293 Rom.
1428 3238 1596 3303 9,113
1800 3239 1837 3291 4
1881 3236 2016 3293 Gen.
2050 3239 2099 3302 6,
2150 3238 2181 3291 7
2386 3236 2421 3289 5
2468 3237 2591 3291 Act.

327 3322 377 3385 9,
413 3323 450 3375 4
653 3323 688 3375 6
736 3322 933 3379 Matth.
980 3322 1064 3388 25,
1099 3324 1170 3377 35
1375 3322 1446 3377 20
1490 3323 1691 3377 Psalm.
1725 3322 1811 3387 33,
1851 3324 1916 3377 16
2120 3323 2191 3377 22
2226 3322 2371 3377 Esai.
2410 3321 2595 3389 1‚.20;

326 3408 462 3463 Gen.
499 3408 549 3473 8,
587 3407 656 3461 21
858 3407 927 3461 23
961 3407 1104 3463 Esai.
1143 3409 1226 3473 66,
1267 3409 1294 3461 1
1755 3456 1756 3459 ,

433 3608 460 3659 1
499 3604 717 3660 diuersu
752 3605 807 3659 Z
999 3605 1154 3659 llodio
1194 3606 1282 3675 (=
1305 3606 1490 3675 hodio)
1525 3607 1579 3660 Z
1773 3607 2019 3661 llabuisee
2054 3607 2109 3661 Z
2308 3606 2346 3660 4
2379 3606 2593 3674 penitet

327 3693 382 3745 Z
539 3693 574 3747 5
608 3691 718 3745 iam
753 3692 978 3760 scripsi,
1031 3708 1156 3745 nam
1193 3691 1250 3746 Z
1269 3692 1530 3747 Oanisius
1688 3693 1722 3746 6
1757 3693 2131 3762 compacientis
2166 3694 2221 3745 Z
2370 3695 2433 3747 11
2473 3706 2589 3759 pre-

327 3778 476 3831 ditus
513 3778 568 3831 Z
752 3778 820 3833 12
852 3778 1109 3832 hebreum
1144 3778 1198 3831 Z
1384 3768 1578 3832 hebreo
1616 3780 1669 3832 Z
1854 3794 2115 3848 graegum
2150 3780 2205 3831 Z
2388 3792 2589 3847 graego

326 3866 382 3919 Z
585 3866 654 3918 14
693 3865 997 3919 conformet
1033 3866 1336 3929 Har-telius,
1393 3866 1671 3919 confirmet
1715 3866 1769 3919 Z
1783 3866 2047 3939 Oanisius
2250 3866 2315 3919 15
2352 3865 2591 3919 dissonas

325 3952 620 4007 Hartelius
633 3993 647 4017 ,
705 3952 936 4007 dissonis
972 3952 1028 4005 Z
1046 3952 1304 4007 canisius
1500 3953 1555 4005 et
1588 3952 1901 4022 peccatoris]
1938 3954 2271 4021 exspectatus
2316 3952 2593 4019 Oanisius,

325 4054 514 4093 uocem
559 4040 853 4109 peccatoris
899 4038 1044 4093 delet
1089 4044 1277 4107 utpote
1313 4054 1422 4108 per
1467 4038 1897 4109 dittoqraphiam
1942 4045 2117 4093 ortam
2162 4038 2457 4093 Har-telius

327 4124 394 4178 17
419 4125 742 4194 loquuturus
766 4124 822 4178 Z
996 4124 1239 4177 homines
1265 4124 1320 4177 Z
1503 4130 1632 4179 ante
1653 4124 1880 4179 formam
1901 4124 2138 4191 fortasse
2159 4126 2215 4177 et
2236 4123 2592 4179 merendmn

326 4216 408 4264 est
562 4211 630 4264 18
652 4211 984 4265 intellectum
1009 4214 1252 4265 nostrum
1277 4210 1298 4264 l
1451 4226 1611 4265 sonus
1636 4211 1690 4264 Z
1844 4212 1909 4266 19
1935 4213 2172 4266 testatur
2196 4210 2453 4265 Oanisius

326 4296 398 4349 20
443 4295 620 4349 offitia
665 4296 719 4349 Z
928 4296 1232 4351 describens
1277 4298 1550 4364 (laniem,
1588 4296 1845 4353 discribes
1882 4298 1957 4362 Z,
2019 4314 2095 4351 an
2129 4294 2422 4351 discribens
2458 4296 2593 4350 scri·

326 4382 564 4437 bendum
579 4382 610 4434 ⁸?
815 4382 883 4435 24
917 4382 1200 4437 scabillum
1235 4382 1289 4435 Z
