3175 5050
914 409 1004 462 De
1039 410 1233 463 statu
1266 409 1524 465 animae
1571 410 1904 480 epilogus.
2415 411 2535 476 191

993 1160 1809 1276 EPILOGVS.

362 1470 447 1571 Si
491 1522 612 1570 non
654 1505 810 1570 haec
854 1523 1014 1586 quae
1059 1506 1139 1570 ad
1182 1507 1247 1569 te
1292 1504 1516 1584 scribo,
1571 1505 1922 1570 uenerande
1966 1505 2084 1583 uir,
2139 1505 2539 1572 discutienda

273 1614 336 1678 et
379 1612 772 1678 emendanda
814 1611 1338 1691 transmitterem,
1383 1611 1508 1676 rite
1551 1614 1761 1696 potuit
1805 1611 2006 1677 uideri
2053 1613 2436 1694 superfluum
2470 1618 2537 1680 et

274 1719 515 1782 elatum
558 1718 775 1782 docere
820 1715 1004 1793 uelle,
1036 1733 1221 1797 quem
1251 1719 1448 1780 sciam
1477 1733 1680 1796 nosse,
1713 1715 1775 1779 et
1807 1735 1879 1780 ex
1909 1716 2293 1798 paupertatis
2324 1717 2534 1799 inopia

233 1848 256 1886 s
275 1820 420 1885 dare
489 1818 816 1903 dragmam
874 1817 949 1900 ei,
1007 1818 1118 1900 qui
1182 1817 1385 1883 multa
1442 1817 1855 1883 scientiarum
1923 1817 2203 1885 abundat
2268 1821 2528 1888 talenta.

275 1921 422 1986 hinc
467 1921 693 1987 accidit
738 1923 902 2004 quod
957 1921 1318 1988 libellorum
1363 1939 1400 1986 a
1430 1940 1530 1984 me
1575 1922 2089 1988 transmissorum
2121 1923 2333 2009 editio,
2381 1943 2538 2008 quos

273 2025 737 2109 philosophicae
779 2025 939 2091 artis
985 2026 1400 2092 subtilissima
1443 2026 1868 2109 disputatione
1902 2027 2196 2109 disposui,
2245 2047 2345 2092 me
2378 2027 2537 2092 fecit

275 2131 532 2194 cautum
576 2133 764 2212 atque
806 2129 1173 2205 sollicitum,
1227 2130 1302 2194 ut
1345 2130 1682 2194 eorundem
1737 2129 2239 2213 intellegentiam
2298 2130 2536 2196 iudicio

272 2250 396 2296 non
440 2234 899 2297 committerem
943 2251 1102 2316 meo,
1160 2235 1267 2297 sed
1321 2232 1399 2297 ad
1453 2231 1713 2314 potioris
1765 2233 2060 2314 peritiam
2092 2304 2097 2310 ,
2129 2233 2534 2312 destinarem,

203 2361 255 2401 10
274 2339 336 2398 et
381 2353 505 2399 non
551 2338 801 2400 tantum
831 2355 920 2415 ea,
968 2354 1128 2418 quae
1156 2353 1321 2401 nunc
1352 2354 1425 2400 ex
1456 2354 1671 2401 eorum
1702 2336 1965 2400 lectione
1997 2337 2261 2418 percepi,
2308 2354 2529 2401 uerum

270 2439 463 2506 etiam
527 2457 684 2525 quae
753 2438 1160 2527 <unde>unde
1239 2440 1363 2505 iam
1437 2439 1682 2521 pridem
1750 2439 2078 2504 memoriae
2148 2439 2529 2504 reseruanda

269 2544 570 2609 mandaui
627 2543 857 2609 iudicio
914 2546 1022 2607 tuo
1080 2543 1398 2627 probanda
1462 2543 1809 2611 transmisi.
1885 2544 2038 2608 bene
2104 2544 2338 2607 etenim
2405 2543 2537 2607 scit.

269 2649 548 2729 dignatio
594 2648 704 2712 tua
749 2647 1007 2713 minime
1052 2663 1162 2711 1106
1192 2647 1418 2712 habere
1448 2665 1713 2730 quorum
1743 2646 2087 2713 conlatione
2119 2648 2194 2711 de
2224 2647 2337 2726 616,
2371 2664 2531 2730 (11160

269 2749 673 2832 ambigimus,
732 2749 902 2813 firmi
957 2750 1338 2833 stabilesque
1397 2749 1754 2815 reddamur.
1832 2751 2034 2815 omnis
2090 2753 2322 2816 natura
2365 2767 2525 2833 (11166

201 2879 252 2920 15
271 2853 350 2916 ad
397 2854 583 2917 deum
638 2853 925 2935 peruenit
977 2853 1207 2918 notitia
1249 2852 1497 2937 proprio
1545 2852 1796 2917 nomine
1842 2854 2230 2935 conpellatur
2277 2858 2339 2918 et
2383 2854 2529 2917 ideo

275 2974 501 3021 nomen
546 2957 807 3022 naturae
850 2956 1036 3021 unius
1084 2956 1382 3038 cuiusque
1424 2955 1517 3020 rei
1564 2956 1933 3021 ostenditur.

357 3076 602 3144 Nomen
659 3096 804 3162 ergo
861 3079 1067 3143 dixere
1124 3080 1375 3162 priores,
1437 3079 1599 3161 quod
1655 3098 1785 3143 rem
1849 3078 2061 3144 notam
2106 3078 2313 3157 faciat,
2362 3076 2529 3160 quod

372 3365 406 3419 2
454 3367 588 3421 haec
636 3365 899 3434 epistula,
949 3381 1088 3433 quae
1124 3366 1325 3435 epiloyi
1358 3366 1479 3419 uice
1511 3365 1787 3435 funyitwr,
1834 3365 1945 3419 solo
1981 3364 2160 3420 codice
2196 3364 2268 3418 M
2300 3368 2529 3419 seruata

271 3457 351 3506 est
393 3452 513 3505 sirie
553 3452 672 3505 ulla
703 3452 1133 3520 praescriptione
1170 3451 1522 3519 (Claudianus
1559 3450 1618 3505 G.
1655 3450 1823 3503 Sollio
1872 3449 2092 3503 Sidonio
2130 3450 2436 3518 Apollinari
2472 3450 2525 3505 S.

267 3538 546 3606 inscripsit
582 3540 648 3606 p)
693 3553 870 3606 neque
902 3538 966 3591 iri
1001 3536 1210 3591 Schotti
1243 3536 1518 3591 codicibus
1552 3537 1792 3605 epistula
1828 3537 2101 3602 exstabat,
2138 3552 2251 3604 qua
2282 3551 2344 3590 re
2380 3551 2523 3590 com-

267 3629 445 3675 motus
477 3623 572 3677 ille
608 3638 728 3677 eam
763 3638 801 3676 a
833 3623 1111 3677 Mamerto
1147 3623 1498 3676 abiudicabat
1701 3622 1734 3676 3
1780 3623 2149 3675 transmittere
2186 3622 2283 3685 M,
2342 3623 2523 3675 trans·-

268 3709 428 3760 mitto
465 3706 496 3761 b
687 3709 722 3761 4
755 3708 896 3761 uelle
931 3710 1026 3775 M,
1083 3708 1280 3762 uellem
1317 3709 1372 3773 b,
1425 3722 1568 3762 corr.
1603 3708 1671 3775 p²
1850 3710 2012 3761 sciam
2046 3707 2271 3775 scripsi,
2326 3707 2522 3774 seciam

267 3794 366 3858 M,
421 3793 652 3847 sentiam
689 3794 720 3847 b
909 3794 942 3847 5
978 3794 1451 3848 multo—talento
1480 3810 1524 3862 p
1708 3793 1987 3849 habundat
2024 3794 2099 3847 M
2284 3794 2314 3846 7
2351 3794 2525 3861 supti-

266 3879 480 3935 lissima
514 3880 589 3933 M
757 3880 791 3933 9
825 3896 942 3933 meo
979 3881 1202 3948 scripsi,
1257 3885 1343 3934 mo
1378 3879 1475 3945 M,
1530 3880 1687 3934 modo
1722 3879 1955 3933 editores
2140 3880 2201 3933 11
2239 3877 2525 3932 undeunde

267 3967 490 4034 scripsi,
561 3964 705 4019 unde
753 3966 852 4032 M,
922 3965 1046 4019 inde
1101 3966 1159 4034 b,
1228 3967 1371 4020 unde
1419 3982 1532 4035 pro
1584 3966 1865 4021 undeunde
1924 3965 2130 4019 dictum
2182 3981 2294 4019 esse
2345 3970 2527 4019 censet.

268 4051 617 4106 Schenkeliits
821 4052 1048 4121 pridem]
1084 4067 1121 4123 p
1158 4052 1289 4106 add.
1324 4053 1460 4117 Mb,
1515 4052 1620 4106 del.
1654 4069 1723 4119 p,
1778 4051 1872 4105 sed
1906 4054 2110 4106 rectius
2142 4053 2378 4119 fortasse
2410 4067 2522 4105 ser·

266 4139 418 4193 uatis
471 4138 763 4192 literarum
816 4138 1068 4207 uestiqiis
1116 4135 1412 4209 p(dagata)
1465 4137 1752 4191 addideris
1805 4138 1923 4191 coll.
1976 4154 2102 4207 paq.
2150 4142 2269 4203 104,
2316 4140 2385 4191 15

266 4224 515 4288 memorie
569 4226 638 4276 M
843 4222 909 4275 12
963 4224 1270 4277 transmissi
1323 4224 1397 4277 M
1601 4224 1665 4276 13
1720 4222 1938 4277 minime
1990 4239 2087 4276 1106
2141 4224 2199 4286 b,
2271 4222 2529 4278 minimos

264 4343 341 4399 M
541 4344 604 4398 17
640 4360 790 4414 potes
825 4344 900 4398 M
