3175 5050
1050 442 1139 495 De
1175 444 1364 496 statu
1397 442 1661 500 animae
1708 442 1736 497 1
1772 442 1823 496 3.
2484 439 2572 509 35

303 630 590 698 adficitur
662 631 867 697 creata
931 630 1286 697 substantia
1348 630 1855 698 substantialiter
1920 616 1990 694 in
2048 631 2165 697 deo
2225 630 2373 709 sint,
2443 650 2567 697 non

305 733 768 801 accessibiliter.
872 752 1060 818 perge
1135 734 1226 801 sic
1300 733 1502 799 dicere
1518 785 1533 815 ,
1610 753 1734 800 non
1814 733 2235 818 interspergat
2308 734 2569 801 sinceri-

303 838 426 903 tati
462 836 750 901 ueritatis
786 836 1141 921 ignorantia
1185 838 1683 921 praesumptiosa
1728 836 2144 904 mendacium.
2222 839 2567 905 humanum

303 940 400 1005 est
464 959 686 1022 nempe
753 940 1140 1023 delinquere:
1209 940 1557 1008 humanum
1623 942 1721 1007 est
1783 951 1894 1024 pro
1955 940 2181 1007 delicto
2231 942 2566 1024 paenitere.

261 1070 287 1110 ⁵
303 1061 486 1109 nemo
557 1042 963 1129 periculosius
1037 1046 1412 1127 peccauerit,
1499 1061 1689 1127 quam
1756 1043 1865 1127 qui
1939 1046 2195 1127 peccata
2267 1044 2567 1113 defendit.

304 1164 571 1228 namque
633 1146 1065 1230 inpassibilem
1123 1146 1408 1231 nullique
1463 1146 1742 1213 adfectui
1800 1147 2223 1215 subiacentem
2283 1167 2569 1215 summae

305 1250 660 1315 diuinitatis
709 1250 1066 1329 essentiam,
1112 1252 1186 1315 ut
1207 1235 1366 1315 'tute
1411 1250 1804 1335 pronuntiaS‚
1851 1270 1996 1317 cum
2038 1250 2415 1336 philosophis
2446 1270 2569 1319 non
2652 1338 2657 1343 ,

305 1371 571 1418 recusas.
650 1352 906 1435 proinde
951 1352 1325 1419 intestinum
1372 1354 1610 1420 bellum
1654 1354 1819 1438 pelle
1866 1355 2095 1421 animo,
2175 1358 2415 1421 certum
2448 1356 2569 1422 tibi

305 1457 390 1522 sit
437 1455 774 1524 ueritatem
817 1457 998 1535 false,
1045 1456 1210 1523 sicut
1243 1458 1581 1523 essentiam
1618 1458 1837 1541 nihile,
1872 1457 2359 1542 haudquaquam
2390 1477 2569 1543 posse

238 1588 288 1628 10
303 1560 572 1625 misceri.
645 1564 716 1625 tu
785 1564 1000 1625 autem
1066 1561 1222 1627 dieis
1288 1562 1496 1647 adfici,
1568 1579 1753 1644 quem
1814 1580 2001 1643 negas
2060 1563 2213 1645 pati.
2294 1566 2345 1630 si
2404 1563 2569 1629 enim

308 1662 558 1728 adfectu
618 1680 741 1728 non
801 1668 987 1739 caret,
1048 1664 1552 1748 inpassibilitatis
1622 1668 1698 1730 de
1759 1669 1971 1732 eodem
2032 1666 2228 1733 fallax
2272 1667 2570 1751 professio

307 1766 424 1833 est.
497 1766 770 1832 alterum
813 1767 998 1835 alteri
1045 1768 1356 1834 inmodice
1400 1772 1741 1854 repugnat:
1787 1770 1895 1851 qui
1925 1764 2035 1849 ait,
2082 1772 2351 1835 sensit
2394 1788 2569 1838 con-

303 1870 704 1951 patientis
751 1871 1116 1949 adfectu,
1165 1890 1289 1937 non
1333 1874 1440 1951 ait,
1490 1875 1654 1955 quod
1685 1873 1752 1938 in
1782 1874 2063 1955 passione
2093 1874 2255 1939 nihil
2284 1875 2565 1941 senserit.

306 1992 485 2056 porro
529 1974 600 2039 tu
647 1974 819 2057 dicis,
869 1971 1032 2055 quod
1074 1975 1224 2038 deus
1268 1990 1392 2039 non
1438 1970 1729 2045 adficitur
1771 1972 2175 2055 passibiliter,
2225 1992 2371 2059 ergo
2410 1975 2565 2042 adfi-

239 2104 290 2146 15
309 2079 472 2142 citur
515 2096 641 2142 non
687 2075 1091 2159 passibiliter.
1147 2077 1326 2166 quod
1370 2075 1464 2141 ita
1509 2077 1607 2142 est
1638 2094 1711 2141 ac
1742 2076 1796 2141 si
1828 2077 2142 2161 quispiam
2174 2078 2374 2161 dicat:
2406 2081 2572 2145 stat

305 2181 460 2246 iste
516 2198 872 2264 currenS,
935 2179 1228 2245 dormit
1287 2179 1431 2245 ille
1487 2179 1881 2265 uigilans,
1944 2181 2110 2264 quod
2168 2182 2387 2263 utique
2446 2199 2574 2247 non

305 2285 456 2350 sinit
531 2286 985 2352 contrariorum
1060 2283 1496 2366 discrepantia.
1619 2301 1740 2367 quo
1813 2284 2010 2369 igitur
2083 2282 2331 2365 proficit
2406 2285 2571 2367 quod

305 2387 498 2454 adicis
540 2388 1100 2470 passibiliter,
1151 2405 1295 2453 cum
1340 2387 1464 2454 dici
1496 2387 1819 2452 uerissime
1849 2386 2337 2469 plenissimeque
2364 2386 2569 2470 possit

305 2510 460 2558 non
526 2491 916 2558 adficitur
981 2492 1220 2558 deus?
1280 2508 1402 2557 non
1463 2491 1632 2556 caret
1690 2507 1888 2556 naeuo
1932 2490 2307 2574 suspicionis
2364 2490 2569 2574 biceps

234 2623 288 2663 πο
303 2597 430 2662 ista
499 2595 870 2677 prolocutio,
966 2596 1154 2660 deum
1229 2613 1354 2660 non
1431 2593 1589 2659 dicis
1664 2594 1816 2677 pati,
1892 2614 2079 2678 quem
2140 2594 2296 2660 dicis
2363 2593 2569 2660 adfici.

305 2699 573 2765 adfectio
643 2703 704 2764 et
771 2700 977 2782 passio
1042 2717 1242 2764 unum
1306 2699 1597 2781 idemque
1658 2691 2007 2780 significat:
2068 2701 2179 2764 aut
2236 2702 2571 2782 utrumque

305 2803 632 2868 sustuleris
691 2807 801 2868 aut
859 2803 928 2868 in
986 2802 1290 2868 alterutro
1349 2801 1688 2884 utrumque
1752 2801 2124 2868 seruaueris..
2196 2820 2319 2867 non
2373 2801 2574 2884 igitur

411 3026 438 3080 l
479 3027 724 3111 creatura
757 3025 806 3080 S
969 3025 1004 3076 2
1038 3024 1404 3092 interspergat
1445 3023 1514 3090 G,
1567 3024 1711 3078 inter
1732 3022 2023 3093 adspergat
2055 3021 2145 3088 M,
2205 3022 2265 3075 in
2290 3023 2346 3076 te
2367 3038 2571 3090 resper-

305 3131 404 3198 gat
427 3129 544 3184 rell.
571 3135 620 3185 et
642 3129 718 3182 M
733 3129 798 3183 in
819 3145 992 3198 mary.
1141 3127 1454 3183 sinceritate
1476 3127 1675 3194 HOES,
1714 3125 2079 3211 sinceritatem
2101 3126 2179 3181 M
2182 3126 2213 3180 b
2366 3127 2401 3180 3
2423 3143 2573 3196 prae-

305 3250 602 3319 sumptiosa
639 3250 732 3317 (Ρ,
793 3250 1220 3318 praesumptiosi-1
1259 3250 1352 3314 θ’,
1407 3219 1731 3318 psumptud'*
1774 3247 1841 3313 S,
1911 3247 2277 3316 praesumptio
2310 3248 2367 3300 et
2404 3247 2435 3301 b

304 3336 730 3406 praesumptiosa
764 3335 1102 3390 mendacium
1137 3349 1240 3390 om.
1285 3335 1370 3403 0¹,
1409 3335 1542 3390 add.
1575 3335 1644 3390 0²
1666 3335 1730 3390 in
1751 3349 1925 3404 mam-9.
2122 3332 2160 3386 4
2192 3331 2486 3386 humanum
2501 3361 2573 3374 --

305 3422 617 3490 delinquere
651 3437 754 3476 om.
790 3421 927 3476 M¹b
1123 3421 1485 3508 derelinquere
1521 3421 1591 3474 H
1788 3419 1823 3473 5
1858 3418 2157 3505 peccauerit
2189 3418 2246 3472 B
2419 3419 2454 3473 6
2490 3419 2571 3474 af-

304 3526 454 3579 fectu
487 3526 574 3579 Ηι
783 3526 1039 3594 summae]
1078 3523 1177 3578 sub
1213 3539 1298 3578 me
1334 3524 1390 3580 R
1519 3555 1522 3560 Δ
1600 3523 1631 3576 7
1666 3524 1780 3576 tote
1813 3521 2038 3578 B¹H¹R
2242 3523 2278 3578 8
2311 3523 2471 3594 pelle]
2504 3523 2573 3578 ab

305 3610 438 3664 add.
485 3609 594 3664 Mb
799 3611 832 3664 9
868 3612 1232 3679 autquaquam
1270 3609 1326 3665 R
1535 3609 1597 3662 11
1644 3606 1837 3662 affectu
1870 3607 1927 3663 R.
2134 3607 2575 3676 inpassibilitatis

305 3693 560 3760 A²GMb,
620 3694 1004 3765 passibilitatis
1038 3695 1157 3750 rell.
1193 3701 1248 3750 et
1283 3693 1406 3751 Sch.
1618 3693 1681 3747 12
1727 3692 2013 3748 immodice
2052 3697 2317 3764 repugnat
2362 3694 2572 3764 EFU,

306 3780 590 3835 immodico
625 3781 910 3850 impugnat
945 3780 1020 3838 M
1027 3780 1073 3846 b,
1133 3781 1298 3852 immo
1337 3780 1512 3834 dicere
1545 3781 1814 3848 inpugnat
1848 3778 1960 3834 ΔΒ
1970 3777 2322 3848 0F¹HLRS‚
2382 3780 2573 3836 immo-

307 3867 422 3922 dice
456 3868 741 3936 impugnat
775 3867 835 3922 D
861 3868 1000 3934 Sela,
1054 3868 1288 3922 alterum
1322 3867 1494 3922 altero
1530 3865 1813 3922 immodice
1844 3866 2151 3936 impugnat,
2190 3867 2283 3938 qui
2315 3866 2396 3920 ait
2430 3867 2572 3923 coni.

307 3953 584 4010 Bao-thius
788 3953 853 4009 13
888 3953 967 4007 nil
1003 3953 1140 4009 lz'bri
1159 3959 1390 4023 praeter
1435 3951 1552 4010 GM
1745 3953 1811 4007 15
1845 3952 2019 4006 dicam
2054 3953 2111 4006 A
2299 3951 2450 4007 llatat
2484 3955 2576 4022 (=

305 4040 463 4107 istat)
513 4039 570 4095 R.
778 4039 843 4093 16
886 4039 1016 4110 iste]
1051 4040 1146 4095 ille
1185 4039 1432 4106 BDEF,
1492 4042 1572 4094 ste
1620 4039 1667 4095 C
1873 4039 1937 4092 17
1984 4038 2109 4108 quo]
2146 4037 2277 4107 quid
2321 4034 2437 4093 Mb

306 4123 380 4178 20
422 4124 550 4194 ista]
587 4125 648 4179 ta
698 4125 872 4192 A¹B¹,
931 4128 1028 4180 tua
1077 4125 1174 4192 B’,
1237 4127 1324 4180 sta
1375 4124 1432 4181 R
1637 4123 1939 4195 prolucutio
1992 4121 2049 4178 R
2253 4124 2571 4196 prolocutio]

307 4212 352 4266 si
389 4209 520 4266 add.
558 4211 611 4267 G
817 4226 921 4281 quo
963 4211 1194 4268 0111225'
1213 4212 1354 4278 Βοὴ,
1414 4212 1557 4282 quod
1591 4209 1941 4267 AB⁸F²L¹R
2145 4209 2210 4264 21
2260 4210 2576 4278 significant

317 4298 369 4354 G
576 4299 647 4353 22
687 4299 747 4354 in
795 4313 895 4354 om.
945 4299 1005 4355 D
1210 4299 1476 4355 alterutro
1521 4301 1812 4369 utrumque
1858 4298 1923 4364 G,
1983 4297 2151 4352 altero
2186 4298 2473 4368 utrumque
2507 4299 2585 4356 M

305 4385 370 4439 in
407 4399 573 4455 marq.
609 4385 641 4438 b
665 4383 788 4442 Sca.
801 4425 815 4452 ,
875 4385 1300 4454 alterutrumque
1335 4385 1456 4440 rell.
1664 4384 1901 4440 seruabis
1939 4384 2016 4440 M
2018 4387 2032 4414 ¹

2291 4487 2369 4540 30
