3175 5050
2376 472 2572 520 XXXV

315 631 426 716 (ef.
486 631 592 713 32,
639 635 699 702 6.
755 632 859 714 43,
909 634 1010 700 17.
1069 634 1168 716 78,
1226 635 1332 713 17)
1394 636 1494 702 nel
1538 635 1739 700 HLR
1798 633 1903 717 (cf.
1965 636 2108 721 138,
2156 639 2255 704 15.
2315 640 2459 719 147,
2502 641 2573 726 4)

316 735 728 803 consentiunt.
802 737 910 801 sed
953 736 1114 803 haec
1157 737 1496 819 sufficiant,
1543 738 1770 822 quibus
1817 740 1959 816 arte,
1999 739 2279 806 codicum
2320 743 2571 810 HLRS

313 838 602 922 cognatio
645 841 1125 908 demonstretur.

397 969 622 1034 Restat
680 967 912 1052 autem,
971 974 1044 1034 ut
1103 969 1182 1034 de
1240 970 1366 1034 AB
1431 973 1494 1034 et
1551 969 1863 1054 DEFOE)
1909 971 2320 1055 disputemus.
2384 978 2571 1059 atque

310 1070 478 1136 inter
521 1071 632 1138 hos
675 1071 754 1154 A,
801 1073 876 1136 ut
919 1090 1030 1154 par
1073 1075 1185 1151 est,
1233 1071 1580 1156 principem
1627 1072 1872 1138 obtinet
1915 1074 2141 1157 locum,
2203 1074 2357 1158 quin
2401 1078 2571 1144 solus

317 1192 392 1238 ex
449 1175 738 1240 omnibus
790 1175 972 1242 libris
1032 1175 1305 1257 134,16
1347 1179 1520 1240 reete
1565 1178 1777 1240 tamen
1818 1194 2071 1259 seynem
2114 1178 2276 1264 (tam
2317 1179 2571 1264 imsiync

311 1278 438 1346 fere
467 1278 638 1362 rell.)
685 1279 749 1344 et
795 1277 1052 1357 148,18
1100 1298 1242 1344 eum
1288 1276 1369 1344 Ε.Ω
1411 1278 1488 1342 de
1527 1297 1639 1342 sex
1684 1279 1843 1360 (dies
1872 1299 1948 1344 ex
1991 1281 2118 1347 fere
2146 1282 2308 1365 rell.)
2359 1283 2565 1370 habet,

310 1381 630 1464 praeterea
671 1380 760 1447 Α9
803 1382 974 1447 solus
1003 1387 1194 1459 recte,
1239 1385 1312 1446 ut
1340 1383 1512 1465 pute,
1556 1382 1665 1466 48,
1710 1383 1753 1450 8
1796 1384 1905 1448 sin
1938 1387 2009 1448 ut
2034 1388 2127 1450 est
2154 1391 2212 1452 et
2262 1389 2345 1470 (si
2386 1393 2573 1454 nutes

311 1485 440 1550 fere
484 1486 656 1570 rell.)
725 1485 992 1552 exhibet.
1068 1485 1392 1552 cohaerere
1457 1489 1670 1552 autem
1712 1488 1838 1554 AB
1903 1489 2036 1554 arte
2102 1490 2270 1556 inter
2334 1511 2401 1560 se
2466 1493 2567 1560 his

309 1587 466 1654 locis
511 1588 854 1655 euincitur:
911 1589 1016 1673 58,
1061 1588 1105 1654 5
1147 1588 1605 1672 uniuersalem]
1650 1591 2125 1676 uniuersaliter,
2190 1594 2291 1674 70,
2336 1595 2379 1660 6
2412 1615 2567 1676 per-

309 1692 548 1779 eoeiyui]
577 1694 951 1776 perexiyua,
1001 1693 1102 1773 77,
1139 1694 1172 1756 1
1207 1691 1534 1778 conplexu]
1567 1692 1930 1775 conpleccus,
1977 1696 2080 1780 86,
2113 1695 2152 1760 8
2184 1696 2563 1786 substantia]

307 1796 724 1882 substantiae,
769 1798 873 1880 95,
904 1797 946 1862 2
980 1796 1288 1880 permeat]
1324 1801 1712 1882 permeatur,
1758 1798 1861 1877 98,
1894 1800 1933 1866 8
1964 1799 2251 1883 seiuncti]
2294 1799 2563 1884 seiunyi,

308 1899 390 1966 cf.
441 1899 581 1979 109,
621 1901 722 1966 12.
773 1899 912 1975 110,
944 1900 1009 1967 4.
1056 1901 1199 1978 117,
1235 1901 1342 1967 20.
1390 1901 1532 1980 143,
1581 1899 1682 1966 16.
1733 1900 1877 1982 146,
1926 1902 2027 1968 19.
2077 1900 2221 1986 152,
2271 1903 2369 1968 17.
2419 1903 2565 1982 172,

311 2006 410 2071 18.
461 2004 603 2084 173,
655 2004 756 2068 13.
805 2004 948 2081 178,
997 2003 1098 2069 12.

389 2133 722 2200 Praeterea
780 2133 903 2198 AB
972 2150 1115 2197 eum
1172 2133 1356 2198 DEF
1423 2133 1851 2200 consentiunt:
1917 2134 2023 2213 24,
2071 2135 2155 2201 16
2196 2135 2567 2223 crederetur]

305 2240 618 2320 credatur,
679 2237 782 2316 28,
831 2237 866 2301 7
913 2235 1165 2319 infitias
1207 2236 1384 2314 ierit]
1429 2235 1859 2320 inficiasserit,
1922 2238 2023 2314 29,
2076 2238 2107 2301 1
2120 2238 2152 2301 1
2201 2239 2563 2325 confirmat]

308 2342 750 2424 conprobatur,
793 2338 898 2420 30,
931 2340 1017 2406 20
1057 2340 1162 2422 in]
1207 2340 1308 2424 ab,
1355 2340 1458 2419 30,
1491 2341 1575 2404 22
1618 2344 1675 2404 et
1719 2358 1863 2420 om„
1906 2340 2010 2420 32,
2047 2341 2129 2406 15
2168 2341 2341 2426 uide]
2375 2343 2563 2428 unde,

305 2448 412 2529 36,
458 2448 502 2514 5
555 2442 682 2533 aio]
744 2447 831 2525 at,
900 2442 1003 2527 41,
1053 2444 1086 2508 1
1134 2443 1194 2507 si
1239 2443 1398 2523 add„
1465 2444 1568 2528 48,
1616 2444 1657 2507 5
1702 2446 1820 2508 aut
1874 2462 2015 2523 om„
2079 2445 2182 2520 49,
2234 2444 2314 2509 10
2364 2443 2565 2527 iqitur

306 2570 452 2630 om„
520 2549 626 2627 54,
671 2549 716 2616 5
755 2547 1082 2631 discernit]
1127 2546 1423 2625 discerni,
1469 2547 1576 2626 58,
1613 2546 1695 2613 15
1720 2545 1851 2625 illi]
1898 2546 2030 2630 ille,
2074 2547 2179 2624 60,
2229 2548 2310 2613 15
2353 2548 2563 2615 maior

308 2652 620 2717 —molem
663 2670 807 2732 om„
855 2655 915 2716 et
960 2653 1202 2735 praeter
1245 2652 1357 2715 hos
1406 2650 1827 2735 quadraginta
1869 2650 1998 2716 fere
2040 2651 2214 2719 10013.

391 2773 513 2841 Sed
558 2774 739 2839 DEF
787 2792 858 2838 ex
902 2773 955 2836 B
1013 2774 1117 2838 uel
1175 2772 1310 2837 eius
1369 2771 1563 2837 simili
1626 2772 1830 2837 codice
1883 2771 2273 2855 descendere,
2320 2790 2444 2837 non
2489 2791 2562 2838 ex

304 2878 384 2956 A,
438 2878 526 2942 eis
569 2878 721 2943 loeis
766 2880 1044 2959 apparet,
1104 2875 1328 2957 quibus
1374 2876 1492 2940 3011
1535 2875 1797 2940 BDEF
1844 2875 2269 2940 consentiunt:
2332 2874 2431 2957 18,
2480 2877 2559 2940 11

302 2980 436 3064 uel]
481 2980 608 3060 sed,
655 2980 762 3062 32,
808 2980 848 3045 9
891 2976 1084 3066 fugit]
1128 2979 1278 3061 fuit,
1325 2980 1430 3056 35,
1465 2978 1546 3043 16
1589 2978 1726 3063 iste]
1762 2977 1896 3061 ille,
1939 2978 2045 3057 44,
2083 2978 2155 3042 11
2205 2980 2384 3041 tuam
2415 2972 2561 3057 0m;‚

301 3085 408 3164 46,
457 3086 492 3149 1
541 3083 768 3165 quibus
801 3083 1006 3147 inesse
1027 3118 1112 3130 -
1135 3082 1406 3147 sentitur
1450 3100 1595 3165 om„
1641 3080 1749 3165 48,
1793 3081 1837 3144 4
1880 3081 1973 3165 eo]
2018 3083 2093 3159 et,
2138 3079 2245 3162 54,
2290 3080 2335 3143 4
2376 3079 2557 3165 dicit]

303 3188 492 3268 dimit,
551 3188 654 3266 60,
704 3186 774 3251 11
827 3183 988 3274 ulla]
1035 3185 1177 3268 illa,
1231 3185 1333 3268 62,
1382 3185 1423 3249 2
1467 3183 1830 3267 consultori]
1878 3182 2275 3267 consultoriO,
2324 3183 2427 3260 62,
2477 3182 2557 3247 15

303 3287 656 3378 officinam]
695 3289 998 3372 officium,
1048 3290 1148 3371 70,
1199 3288 1278 3353 15
1321 3286 1510 3376 quod]
1558 3288 1635 3368 si,
1683 3289 1786 3366 93,
1832 3287 1910 3352 21
1958 3292 2385 3366 numeremus]
2432 3306 2561 3351 nu-

301 3413 527 3459 meros.
571 3412 879 3473 numeros,
939 3393 1044 3470 94,
1089 3394 1130 3457 6
1173 3391 1568 3473 quaerimus]
1616 3390 1943 3467 credimus,
2003 3389 2107 3475 97,
2152 3391 2216 3457 5.
2264 3390 2407 3466 102,
2454 3389 2558 3455 21.

306 3498 450 3577 156,
499 3498 604 3562 23.
653 3497 797 3580 170,
843 3495 928 3561 24
971 3493 1296 3579 quoniam]
1345 3494 1512 3575 quod
1557 3498 1678 3559 etc.

391 3626 680 3693 Ceterum
727 3626 915 3691 etiam
948 3626 1052 3691 ubi
1085 3626 1238 3690 alias
1271 3642 1458 3706 quam
1501 3623 1627 3689 AB
1671 3624 1971 3689 lectiones
2013 3621 2311 3704 praebent
2353 3620 2557 3701 DEF,

302 3733 417 3798 hos
477 3750 550 3796 ex
608 3728 740 3795 illis
799 3729 1166 3796 descendere
1223 3727 1395 3793 facili
1437 3726 1687 3808 negotio
1729 3725 2136 3807 perspicitur:
2201 3724 2308 3805 23,
2352 3724 2393 3788 5
2438 3743 2558 3788 au-

299 3851 529 3917 daciae
584 3846 864 3937 culpam]
911 3830 1225 3949 audacide
1269 3844 1494 3927 culpae
1537 3846 1593 3909 B
1610 3894 1625 3923 ,
1692 3844 2037 3909 audaciam
2080 3842 2302 3924 culpae
2344 3841 2555 3922 DEF,

296 3974 404 4051 23,
440 3973 524 4039 15
553 3967 844 4055 propter]
890 3989 1013 4034 om.
1058 3970 1131 4048 Β,
1177 3968 1347 4033 inter
1391 3966 1598 4050 DEF,
1644 3966 1747 4043 38,
1780 3967 1821 4031 6
1855 3984 2037 4030 rosae
2060 3962 2380 4047 flosculus]
2419 3963 2559 4045 fors

294 4077 361 4158 si.
407 4076 588 4160 AB²‚
642 4074 794 4155 flore
835 4073 903 4153 fl.
952 4072 1224 4152 DEFl),
1278 4071 1384 4148 41,
1437 4071 1516 4135 12
1562 4073 1863 4152 corporeo]
1910 4087 2164 4149 corpore
2206 4066 2365 4146 AB,
2417 4085 2561 4132 cor.-

287 4180 448 4263 pori
488 4178 763 4255 DEFP,
829 4176 934 4257 51,
980 4177 1066 4243 25
1107 4174 1422 4253 dubitare]
1467 4174 1744 4239 multare
1789 4174 1943 4251 AB,
2008 4174 2239 4236 nutare
2282 4168 2555 4255 DEFP,

296 4285 404 4362 53,
453 4283 540 4349 20
581 4280 910 4347 habilitate
938 4278 1063 4362 sui]
1106 4277 1430 4342 habitante
1460 4277 1567 4341 sui
1610 4278 1756 4355 AB,
1803 4274 2129 4341 habitante
2161 4273 2236 4339 ui
2278 4272 2553 4353 DEFP,

296 4384 405 4468 58,
455 4386 538 4451 15
595 4384 731 4467 illi]
784 4382 894 4449 ille
937 4383 1083 4462 AB,
1147 4380 1314 4447 illud
1372 4381 1576 4464 DEF,
1642 4380 1747 4458 66,
1796 4379 1830 4442 1
1893 4378 2205 4445 aliorsum
2266 4376 2553 4461 mentem]

2281 4494 2355 4553 οὓ
