3175 5050
673 397 802 466 180
1442 393 1813 450 Claudiani
1848 391 2170 448 Mamerti

671 585 917 654 amittit
984 585 1281 661 animam,
1339 585 1550 652 anima
1610 603 1758 650 uero
1816 584 2092 650 animam
2150 601 2277 648 non
2322 582 2587 648 amittit.
2663 583 2933 667 quocirca

672 688 888 756 anima
949 688 1308 756 inmortalis
1376 690 1493 768 est,
1551 706 1775 772 corpus
1833 706 1982 754 uero
2041 688 2327 753 mortale.
2432 687 2657 770 quodsi
2730 705 2933 770 corpus

671 793 920 860 inferna
983 811 1107 860 non
1171 791 1520 880 ingreditur
1583 794 1806 877 utpote
1867 791 2153 875 sepulcro
2210 793 2397 858 mand
2406 794 2583 858 atum
2648 793 2837 873 atque
2876 789 2934 854 in

674 897 957 964 diuersas
1022 896 1244 964 mundi
1309 899 1522 979 partes
1585 915 1699 978 pro
1764 895 2217 962 elementorum
2277 913 2435 978 quae
2493 895 2619 962 sibi
2672 895 2741 960 in
2788 893 2934 958 illud

675 1001 1126 1069 concinuerant
1190 999 1563 1067 diuersitate
1636 999 2021 1082 discerptum
2082 1000 2146 1064 et
2215 999 2464 1065 animus
2525 1016 2653 1064 non
2707 997 2986 1064 accedits

675 1103 942 1184 inferna,
989 1105 1136 1187 quia
1177 1103 1495 1172 sententia
1522 1106 1639 1169 tua
1666 1102 1903 1170 inferos
1932 1102 2297 1169 uiuentibus
2328 1101 2601 1169 claudit:
2646 1102 2767 1166 aut
2794 1101 2937 1166 nulli

674 1225 825 1292 ergo
869 1208 1020 1274 sunt
1061 1207 1251 1273 inferi
1296 1209 1408 1273 aut
1449 1210 1530 1274 ad
1573 1223 1679 1272 eos
1721 1207 2047 1274 hominum
2104 1223 2286 1272 nemo
2342 1204 2682 1273 descendit.
2765 1207 2937 1286 atque

674 1309 769 1375 ita
811 1309 955 1377 fidei
999 1315 1252 1390 nostrae
1293 1311 1458 1376 ratio
1504 1309 1994 1394 periclitabitur,
2023 1309 2098 1376 si
2143 1328 2261 1375 nec
2289 1307 2711 1391 redemptoris
2740 1307 2938 1373 anima

675 1411 912 1479 inferos
955 1411 1238 1480 adeundo
1280 1413 1719 1497 redeundoque
1764 1412 2090 1480 reserauit.
2164 1412 2324 1478 satis
2372 1411 2473 1478 est
2515 1411 2642 1476 dici
2668 1411 2938 1495 potuisse

678 1531 1100 1600 quaecumque
1157 1516 1278 1582 illa
1334 1516 1583 1582 inferna
1640 1520 1789 1582 sunt
1848 1516 2213 1584 uiuentibus
2248 1518 2562 1582 inaccessa
2604 1515 2767 1599 fore,
2812 1533 2939 1580 cum
2954 1531 2987 1572 ιο

678 1619 924 1686 constet
965 1621 1189 1686 eadem
1232 1618 1356 1686 nisi
1405 1619 1771 1686 uiuentibus
1812 1619 1977 1686 adiri
2021 1636 2145 1684 non
2188 1637 2387 1703 posse.

762 1740 1190 1808 Reminiscere
1235 1758 1404 1806 nunc
1445 1741 1512 1806 in
1555 1740 1627 1806 id
1670 1743 1737 1806 te
1782 1743 2024 1806 statum
2066 1739 2166 1805 tui
2204 1738 2486 1823 posuisse
2513 1739 2851 1817 tractatus,
2880 1740 2941 1802 ut

679 1843 736 1908 si
779 1841 1124 1925 quantitati
1167 1843 1274 1910 uel
1315 1842 1629 1910 localitati
1666 1845 1989 1910 subiacere
2018 1843 2297 1908 animam
2327 1842 2588 1925 probare
2616 1840 2938 1924 potuisses,

679 1948 756 2012 de
803 1945 1240 2028 corporalitate
1285 1945 1428 2014 eius·
1461 1946 1673 2012 tecum
1717 1963 1863 2027 pars
1896 1945 2087 2011 etiam
2116 1946 2366 2012 diuersa
2388 1944 2677 2012 sentiret.
2732 1963 2941 2010 uerum

681 2047 740 2112 si
782 2045 945 2112 bene
987 2049 1362 2130 scriptorum
1405 2053 1659 2114 tuorum
1702 2048 1943 2130 recolis,
1998 2047 2497 2114 animaduertere
2538 2047 2741 2113 simul
2785 2049 2991 2131 potens

683 2149 1079 2233 proposuisse
1142 2155 1208 2216 te
1273 2152 1480 2235 potius
1545 2153 1623 2216 dc
1692 2150 1919 2235 quibus
1986 2150 2433 2235 disputandum
2498 2150 2663 2215 foret
2682 2199 2700 2228 ,
2768 2167 2941 2234 quam

687 2254 763 2318 de
804 2253 1140 2337 propositis
1197 2253 1548 2337 disputasse
1614 2271 1730 2318 nec
1770 2257 1837 2319 te
1880 2254 2373 2320 academicorum
2416 2252 2742 2319 seniorum
2792 2271 2943 2318 more

683 2354 1093 2422 nescientiam
1139 2357 1320 2421 tuam
1363 2357 1572 2435 scisse,
1618 2358 1729 2422 scd
1770 2357 1946 2422 iuxta
1974 2360 2181 2422 sectae
2208 2356 2407 2440 ipsius
2433 2356 2711 2421 iuniores
2746 2357 2944 2422 utrum

683 2457 875 2525 scires
945 2458 1185 2542 aliquid
1251 2461 1586 2544 ignorasse.
1664 2459 1803 2543 quis
1870 2460 2082 2527 autem
2138 2459 2362 2543 positis
2416 2461 2650 2525 temere
2694 2461 2943 2543 duobuS,

683 2563 754 2627 in
819 2561 1046 2643 quibus
1111 2563 1458 2629 necessario
1515 2565 1719 2647 operis
1774 2563 2057 2631 uniuersi
2116 2580 2343 2646 corpus
2398 2580 2582 2629 omne
2634 2564 2945 2639 consistat,
2960 2580 2996 2621 zo

686 2682 812 2729 non
879 2664 1216 2749 utrumque
1259 2665 1555 2750 primum,
1622 2668 1679 2731 si
1744 2667 1954 2749 queat,
2019 2667 2520 2750 alterutrumque
2586 2666 2863 2744 scilicet,
2902 2664 2947 2727 si

686 2770 1023 2850 utrumque
1066 2770 1355 2852 nequeat,
1398 2766 1580 2834 enisu
1624 2767 1903 2852 cuipiam
1944 2767 2001 2834 si
2030 2786 2155 2836 non
2183 2769 2523 2852 probabile,
2556 2771 2727 2837 certe
2758 2769 2947 2837 credi·

796 3056 822 3110 1
880 3056 1104 3111 amittat
1149 3057 1332 3113 368¹
1539 3058 1722 3111 anima
1766 3057 2025 3113 BDFH¹
2232 3058 2430 3127 anima]
2478 3073 2667 3129 corpus
2716 3060 2796 3115 M
2801 3059 2833 3113 b

687 3141 927 3195 animam
961 3158 1087 3196 uero
1121 3144 1301 3197 anima
1339 3142 1400 3196 D
1606 3144 1640 3197 3
1686 3145 1752 3198 ut
1784 3146 1967 3213 potest
2009 3144 2063 3197 A
2079 3186 2093 3210 ,
2152 3145 2217 3197 ut
2249 3146 2378 3212 pute
2420 3144 2476 3200 R
2685 3144 2725 3199 4
2768 3144 2947 3214 partes]

688 3226 782 3281 uel
814 3226 948 3283 aad.
992 3226 1050 3283 R
1255 3230 1292 3283 5
1335 3230 1719 3284 concinuerant
1752 3231 1952 3298 scripsi
1985 3230 2099 3285 coll.
2129 3246 2255 3301 pay.
2291 3232 2380 3293 73,
2416 3232 2506 3296 10,
2544 3236 2795 3285 ceterum
2827 3231 2953 3285 hanc
3074 3238 3076 3261 ³

687 3314 959 3382 scriptam
1000 3314 1279 3369 lectionem
1313 3330 1424 3369 esse
1459 3314 1599 3369 dicit
1632 3314 1889 3371 Schottus
1927 3316 1993 3370 in
2026 3316 2198 3381 notis,
2259 3317 2602 3370 conciuerant
2640 3317 2787 3383 GM,
2848 3332 2953 3371 con-

690 3400 973 3455 tinuerant
1007 3401 1060 3467 b,
1111 3399 1513 3486 concitauerant
1567 3400 1701 3467 EG,
1779 3402 2179 3455 concitauerant
2230 3402 2348 3457 rell.
2406 3406 2457 3457 et
2508 3401 2630 3456 Βοὴ.
2684 3404 2751 3456 in
2800 3407 2951 3465 textu,

688 3503 952 3572 putabam
987 3504 1116 3557 olim
1149 3503 1424 3558 coinerant
1459 3502 1810 3559 scribendam
1833 3520 1946 3559 esse
2118 3504 2447 3573 discreptum
2481 3504 2620 3571 AB,
2674 3504 2952 3560 discretum

690 3604 872 3661 DEF
891 3604 1012 3661 Βοὴ.
1221 3607 1444 3677 accedit]
1491 3606 1561 3661 ad
1608 3606 1739 3663 add.
1786 3608 1850 3663 Ε
1879 3614 1931 3663 et
1968 3608 2040 3679 ρ’
2246 3608 2280 3663 6
2323 3608 2499 3664 uerba
2541 3609 2952 3678 quia—claudit

689 3726 851 3781 uncis
872 3726 1100 3781 imma
1125 3727 1247 3782 sca.
1431 3727 1498 3781 10
1532 3728 1704 3783 rasore
1738 3729 1793 3784 A
1964 3729 2031 3783 11
2066 3730 2281 3785 constat
2314 3729 2346 3783 b
2518 3730 2628 3783 nisi
2651 3702 2952 3785 {inentibus
3072 3796 3074 3807 ἲ

692 3811 839 3900 adire
875 3846 923 3901 s
1121 3846 1190 3901 12
1227 3848 1464 3917 potuisse
1498 3848 1687 3904 „430¹
1896 3850 1964 3905 13
1998 3849 2272 3905 localitate
2306 3848 2563 3906 ABER
2777 3850 2845 3903 14
2884 3847 2951 3902 ‹n-

695 3938 1016 4021 uci-sentiret
1059 3968 1118 4023 R
1325 3970 1390 4023 15
1436 3971 1620 4038 potest
1663 3969 1866 4027 BH¹R
2073 3971 2137 4024 17
2185 3970 2507 4040 praepositis
2552 3972 2679 4039 Ab,
2737 3971 2950 4043 ppositis

694 4068 878 4124 BMR
1083 4070 1542 4127 hacademicorum
1585 4073 1657 4139 0,
1719 4072 2182 4128 achademicorum
2218 4072 2264 4129 S
2467 4075 2535 4129 18
2580 4076 2729 4129 iuxte
2777 4077 2835 4131 A

699 4154 763 4207 19
817 4154 948 4224 quid
999 4156 1056 4209 A
1261 4160 1328 4211 aii
1365 4158 1562 4227 positis
1598 4158 1695 4225 M,
1756 4160 2077 4227 antepositis
2112 4159 2145 4213 b
2350 4161 2420 4215 20
2471 4161 2725 4216 consistit
2778 4159 2949 4218 13011)

695 4238 760 4294 δ”
952 4238 1020 4293 21
1057 4240 1384 4297 alterutrum
1417 4244 1549 4299 Ζῶνί
1576 4248 1807 4312 praeter
1840 4243 1917 4298 M
1943 4250 1997 4299 et
2031 4244 2154 4301 Sela.
2349 4245 2419 4299 22
2454 4248 2627 4317 enisu}
2664 4248 2788 4318 quis
2823 4245 2951 4301 enim

695 4326 727 4379 b
933 4326 1146 4394 cupiam
1187 4328 1313 4396 GR,
1373 4328 1649 4399 quippiam
1682 4329 1756 4383 M
1763 4329 1819 4397 b,
1880 4329 2134 4399 quopiam
2173 4330 2285 4386 GT
2316 4330 2441 4388 Sel».
