3175 5050
2446 431 2597 478 XVII

348 619 656 700 scriptura
700 615 802 680 hic
847 614 1050 678 multo
1095 610 1442 694 simplicior
1486 610 1572 673 sit
1615 608 1678 672 et
1706 605 1855 670 hinc
1884 623 1994 687 pro
2023 602 2125 667 hic
2156 621 2399 669 exarare
2428 602 2593 666 inter

347 719 851 803 frequentissima
894 716 1120 781 codicis
1165 714 1236 778 M
1280 714 1504 778 menda
1549 708 2005 775 numerandum
2034 706 2137 785 sit,
2186 707 2262 772 cf.
2309 705 2451 788 136,
2486 706 2587 769 15.

348 825 490 908 137,
541 827 596 889 1.
649 822 790 900 144,
837 821 898 884 2.
941 855 1028 868 -—-
1059 819 1138 884 ad
1183 818 1286 896 27,
1333 816 1378 879 4
1422 815 1583 898 quod
1640 813 1987 894 suspicatus
2041 827 2212 876 eram
2255 827 2383 873 esse
2428 809 2581 873 scri-

343 929 614 993 bendum
647 945 788 1007 erqo
817 924 1036 1006 iqitur,
1071 941 1215 987 cnm
1243 922 1314 985 M
1345 938 1509 1001 erqo,
1542 917 1767 1000 reliqui
1797 914 1944 981 libri
1972 914 2173 997 iyitur
2200 912 2580 995 praeberent,

345 1029 720 1095 sententiam
765 1047 864 1092 me
909 1025 1209 1090 fefellisse
1237 1025 1363 1088 iam
1397 1021 1596 1099 credo,
1646 1019 1932 1103 quoniam
1964 1017 2302 1082 lectionum
2333 1014 2590 1079 diuersi·
2676 1008 2686 1020 '

346 1136 444 1198 tas
500 1152 570 1197 ex
627 1133 952 1212 utriusque
1013 1129 1183 1194 uocis
1241 1126 1746 1207 compendiorum
1810 1121 2225 1188 similitudine
2289 1119 2593 1185 facillime

345 1235 706 1318 explicatur.
786 1235 998 1298 contra
1045 1233 1188 1308 111,
1234 1232 1275 1294 9
1319 1229 1390 1293 M
1433 1230 1637 1294 solum
1680 1228 1847 1292 recte
1892 1225 2170 1290 exhibere
2213 1243 2356 1308 erqo
2386 1223 2587 1305 iyitur

352 1343 517 1422 (erqo
561 1357 680 1403 om.
727 1337 894 1416 rell.)
943 1339 1005 1400 et
1050 1337 1303 1417 propter
1365 1332 1620 1397 eandem
1674 1328 2176 1412 compendiorum
2228 1325 2595 1391 similitudi-

343 1461 505 1520 nem,
551 1459 674 1523 qua
717 1441 1096 1505 alterutrum
1133 1457 1170 1503 a
1213 1434 1487 1501 librariis
1531 1434 1717 1500 facile
1760 1432 1969 1499 omitti
2013 1433 2273 1515 poterat,
2320 1433 2384 1494 et
2430 1430 2594 1512 quod

343 1545 584 1628 phrasis
649 1562 790 1625 erqo
853 1541 1054 1625 iqitur
1096 1539 1362 1622 Apuleio
1429 1538 1614 1603 ualde
1672 1539 1957 1602 adamata
2014 1539 2146 1601 erat
2193 1535 2295 1618 (cf.
2340 1538 2595 1599 metam.

343 1649 406 1712 Π
453 1647 553 1711 18.
599 1646 704 1725 28,
761 1644 863 1708 III
911 1644 1010 1722 19,
1067 1642 1205 1707 IIII
1248 1642 1307 1722 3,
1368 1639 1488 1703 VH
1531 1639 1590 1702 9.
1645 1640 1743 1706 15.
1796 1639 1895 1714 19,
1951 1637 2145 1702 VIIII
2194 1639 2291 1702 17.
2338 1636 2441 1703 22.
2488 1637 2595 1714 39,

342 1750 402 1813 X
445 1751 503 1814 3.
551 1748 655 1829 35,
729 1747 824 1812 XI
877 1746 936 1810 5.
983 1745 1087 1810 21.
1133 1744 1269 1828 28),
1343 1761 1529 1826 quem
1598 1744 1719 1808 sibi
1783 1742 2162 1807 imitandum
2236 1741 2595 1822 saepissime

342 1851 662 1935 proposuit
733 1847 1147 1925 ClaudianuS,
1233 1845 1338 1910 1101
1420 1845 1689 1910 maxime
1761 1843 2202 1910 contenderim.
2276 1879 2361 1892 —
2430 1843 2596 1908 inter

342 1953 518 2018 uaria
582 1951 1133 2035 interpolationum
1197 1968 1440 2033 genera,
1507 1948 1730 2030 quibus
1794 1949 1864 2013 M
1930 1948 2150 2032 scatet,
2222 1947 2286 2012 id
2352 1966 2593 2031 quoque

341 2055 729 2121 referendum
801 2053 921 2130 est,
1000 2070 1118 2134 quo
1193 2052 1440 2134 singula
1511 2052 1865 2133 enuntiata,
1939 2069 2097 2132 quae
2166 2069 2390 2134 parum
2463 2054 2595 2118 arte

341 2159 505 2223 inter
589 2177 655 2222 se
739 2156 1062 2222 cohaerere
1144 2155 1532 2237 uiderentur,
1618 2155 2064 2237 particularum
2149 2154 2594 2221 additamentis

342 2261 634 2327 librarius
691 2259 1082 2325 concinniora
1125 2259 1372 2322 reddere
1403 2259 1666 2322 studuit.
1734 2257 1944 2338 itaque
1987 2256 2093 2341 42,
2141 2257 2222 2322 18
2271 2257 2421 2322 hinc
2474 2257 2589 2338 (M,

343 2383 462 2428 om.
510 2365 670 2445 rell.)
733 2361 948 2426 omnia
1003 2361 1242 2425 scilicet
1273 2359 1677 2441 principalia
1728 2378 1996 2440 corpora
2036 2410 2052 2425 .
2079 2409 2095 2425 .
2124 2361 2357 2441 procul
2399 2360 2589 2424 dubio

341 2466 630 2531 uisibilia
681 2468 848 2545 sunt,
909 2464 1068 2530 illud
1121 2461 1290 2545 hinc,
1352 2465 1552 2572 quod,
1594 2466 1667 2528 ut
1720 2462 1899 2528 modo
1945 2461 2243 2547 uidimuS,
2289 2461 2586 2529 librarius

341 2569 619 2651 qualibet
675 2568 995 2633 occasione
1051 2568 1259 2633 oblata
1301 2567 1596 2632 infulcire
1640 2586 1761 2632 non
1807 2566 2057 2645 desinit,
2106 2568 2352 2631 exulare
2396 2567 2579 2632 iube-

342 2692 500 2751 mus,
566 2671 706 2754 151,
755 2672 794 2735 8
837 2671 1129 2736 uoculam
1184 2673 1413 2744 autem,
1469 2687 1629 2752 quae
1672 2689 1709 2735 a
1750 2670 1927 2734 libris
1971 2672 2215 2751 praeter
2258 2669 2329 2733 M
2387 2670 2587 2755 abest,

343 2776 556 2857 utpote
615 2774 872 2838 minime
926 2774 1344 2837 necessariam
1390 2792 1422 2835 e
1466 2774 1643 2836 textu
1701 2772 2039 2837 eiciendam
2104 2792 2254 2853 esse,
2324 2774 2585 2855 denique

340 2878 442 2955 61,
492 2876 528 2939 7
573 2877 681 2941 secl
736 2896 844 2959 pro
898 2896 1069 2941 nunc
1113 2878 1260 2958 (M),
1316 2876 1417 2953 92,
1468 2874 1550 2940 12
1595 2895 1671 2939 ac
1712 2893 1822 2958 pro
1882 2880 2066 2957 atque
2116 2876 2258 2960 (M),
2313 2875 2457 2959 111,
2507 2876 2586 2940 17

339 2979 495 3061 quia
549 2999 681 3043 non
737 2998 844 3061 pro
900 2999 1032 3043 non
1086 2978 1256 3044 enim
1318 2978 1434 3060 (M)
1498 2977 1747 3043 restitui
1800 2982 2080 3060 oportere
2137 2981 2454 3061 putamus,
2505 3016 2585 3027 —-

339 3082 444 3159 45,
495 3080 574 3145 16
617 3102 726 3164 pro
756 3081 1140 3166 nubiyenum
1167 3082 1235 3146 M
1262 3082 1450 3148 habet
1491 3081 1883 3166 nubiyosum,
1931 3099 2120 3163 quam
2151 3084 2229 3147 ob
2259 3102 2390 3147 rem
2436 3082 2589 3147 olim

341 3183 696 3248 nubilosum
740 3185 1039 3268 scriptum
1085 3185 1279 3249 fuisse
1323 3183 1464 3249 coll.
1512 3184 1699 3267 Apul.
1747 3184 2002 3249 metam.
2046 3184 2141 3249 XI
2186 3187 2222 3250 7
2270 3186 2584 3268 opinabar.

339 3288 407 3349 at
449 3285 809 3350 nubilosum
851 3288 1008 3352 illud
1052 3287 1212 3351 nulli
1240 3286 1350 3353 alii
1383 3288 1470 3351 rei
1506 3286 1811 3369 originem
1841 3288 2065 3352 debere
2094 3287 2365 3367 uidetur,
2398 3308 2587 3373 quam

341 3389 505 3471 quod
530 3388 842 3452 antecedit
855 3386 1346 3473 procellosum,
1381 3388 1556 3453 cuius
1581 3392 2000 3453 extremarum
2022 3390 2377 3455 litterarum
2400 3410 2585 3457 sonus

341 3492 406 3553 in
438 3509 624 3555 causa
660 3493 809 3567 erat,
858 3495 929 3556 ut
957 3492 1378 3573 nubiyosum
1407 3511 1518 3574 pro
1548 3490 1930 3574 nubiqenum
1960 3491 2255 3558 librarius
2286 3496 2587 3571 exararet,

340 3594 515 3657 uelut
559 3594 663 3676 45,
712 3595 795 3658 10
839 3613 950 3677 1110
993 3612 1360 3674 repercussu
1391 3599 1642 3677 propter
1674 3610 1935 3677 sequens
1964 3597 2389 3661 retrouersim
2432 3598 2587 3663 scri-

337 3696 464 3778 psit
508 3697 974 3777 repercussim.
1009 3733 1093 3743 -
1121 3696 1226 3775 49,
1277 3698 1313 3759 7
1359 3696 1542 3760 uisus
1583 3715 1731 3761 uero
1774 3696 1955 3761 nobis
1982 3718 2059 3763 ex
2092 3699 2239 3781 iyne
2273 3702 2431 3785 (est),
2478 3701 2587 3781 qui

337 3798 551 3877 utique
607 3816 826 3861 sensus
877 3798 1123 3864 homini
1166 3797 1516 3881 belluaeque
1575 3799 1927 3865 communis
1968 3805 2075 3881 est,
2122 3802 2216 3866 sic
2261 3804 2474 3865 tamen
2516 3805 2590 3865 ut

341 3899 450 3979 (M,
497 3899 663 3981 quod
703 3900 866 3979 rell.)
903 3901 1252 3966 nonnullae
1282 3900 1709 3967 inrationale-s·
1740 3903 2103 3967 animantes
2118 3923 2286 3983 prae
2316 3902 2583 3969 homini-

336 4000 450 4065 bus
492 4003 753 4086 uiyeant
801 4002 915 4088 (M,
961 4007 1178 4086 uiyent
1218 4005 1388 4086 rell.)
1449 4004 1743 4069 acumine
1782 4006 2076 4071 uidendi:
2122 4005 2586 4089 interpolatoris

335 4105 751 4171 recensionem
802 4124 910 4171 nos
957 4105 1056 4171 hic
1102 4125 1382 4171 exarasse
1427 4111 1491 4171 et
1534 4106 1916 4191 reliquorum
1946 4109 2229 4174 codicum
2259 4110 2587 4177 lectionem

337 4208 672 4291 genuinam
718 4227 850 4273 esse
896 4211 1154 4291 apparet
1197 4228 1268 4273 ex
1325 4207 1465 4293 135,
1504 4211 1543 4273 6
1602 4210 1715 4274 sic
1767 4211 2031 4275 sustinet
2079 4211 2585 4292 reprehensionis

334 4309 575 4389 stilum,
643 4310 844 4391 quod
908 4330 1040 4375 non
1091 4313 1427 4393 patitur
1491 4311 1865 4378 detrimenta
1919 4314 2297 4379 meritorum.
2372 4317 2585 4381 eodem

442 4444 544 4499 XI.
2346 4449 2381 4502 b
