3175 5050
545 2702 550 2719 ,
644 2644 944 2711 sollicitet
989 2644 1357 2711 ambulandi
1401 2663 1569 2727 cura,
1628 2645 1742 2711 sed
1784 2644 2008 2729 agendi
2054 2646 2354 2725 sollertia,
2400 2648 2473 2711 ut
2948 2680 3001 2719 20
3116 2668 3118 2673 ·

642 427 766 493 108
1413 424 1788 481 Claudiani
1823 421 2138 478 Mamerti

638 618 764 682 lem
809 615 1080 698 corporis
1125 612 1436 698 elegisses,
1484 613 1887 696 perexiguum
1920 612 2219 680 formicae
2251 630 2474 696 corpus
2508 610 2921 695 obponerem,

639 721 740 785 sin
806 718 1000 786 animi
1057 717 1364 801 uigorem,
1419 716 1586 782 hunc
1643 720 1910 783 eundem
1975 717 2225 783 nullum
2282 716 2632 782 secundum
2676 716 2922 781 molem

638 823 768 887 fore
833 821 1289 902 conuincerem,
1358 820 1532 886 cuius
1600 837 1735 886 esse
1799 819 1960 885 nihil
2020 823 2085 888 in
2146 821 2265 887 illa
2322 837 2620 902 corporea
2683 820 2923 885 cameli

639 925 1082 1010 magnitudine
1125 925 1582 1007 conprobarem.
1660 924 1807 990 hinc
1850 923 2043 990 etiam
2087 924 2208 990 tibi
2266 923 2703 988 Maronianum
2747 922 2925 988 illud

641 1029 976 1107 obicerem,
1026 1028 1190 1110 quod
1234 1027 1560 1093 uerissime
1608 1027 1685 1092 de
1726 1027 1989 1110 apiculis
2034 1026 2277 1092 dictum
2322 1028 2451 1092 est:
2964 1048 2993 1088 ⁵

769 1166 1142 1252 ingentes
1186 1165 1492 1231 animos
1547 1167 1888 1248 angusto
1933 1164 2008 1229 in
2052 1166 2377 1250 pectore
2422 1167 2779 1230 uersant.

723 1303 862 1370 Iam
925 1321 1070 1370 cum
1135 1321 1322 1386 super
1387 1303 1560 1368 statu
1620 1301 1891 1368 hominis
1946 1303 2285 1368 dissertare
2348 1303 2704 1386 coepissem,
2764 1319 2803 1366 a
2854 1301 2923 1365 te

640 1405 876 1472 scilicet
941 1425 1100 1474 nouo
1157 1410 1498 1490 geometra,
1566 1408 1639 1472 ut
1704 1405 1957 1490 ingenia
2021 1424 2555 1491 quorumcumque
2623 1405 2920 1472 dinosce-

639 1528 794 1594 rem,
840 1512 1301 1595 decempedam,
1323 1523 1326 1526 ’
1345 1529 1469 1577 non
1513 1511 1819 1577 iudicium
1860 1511 2237 1594 flagitarem.
2310 1509 2424 1574 ubi
2468 1511 2525 1574 si
2569 1509 2680 1574 illo
2730 1508 2922 1573 forsi—

641 1615 752 1680 tan
816 1613 1118 1680 uoluisses
1161 1615 1260 1680 uti
1319 1613 1627 1697 perfugio,
1696 1616 1770 1678 ut
1836 1613 2074 1680 diceres
2141 1613 2491 1680 inuisibilia
2550 1611 2923 1678 uisibilibus
2941 1639 2996 1679 ιο

641 1735 767 1782 nou
812 1735 993 1798 posse
1039 1717 1274 1802 metiri,
1321 1737 1354 1782 e
1383 1717 1653 1800 uestigio
1682 1719 2125 1799 responderem
2178 1736 2250 1784 ex
2290 1717 2725 1802 magnitudine
2774 1734 2924 1781 cor-

642 1820 812 1903 poris
858 1822 1023 1903 quod
1067 1823 1348 1886 animum
1390 1821 1741 1886 includeret
1784 1839 1967 1903 posse
2020 1823 2231 1887 metiri
2274 1822 2559 1886 animum
2603 1821 2715 1903 qui
2777 1837 2919 1884 cor-

641 1943 760 2008 pus
805 1922 1100 2007 inpleret.
1175 1925 1229 1988 si
1273 1941 1396 1990 non
1440 1943 1620 2006 posse
1676 1924 1958 2003 dixisseS,
2019 1923 2485 1990 instantissime
2530 1942 2923 2008 quaererem,

646 2045 756 2092 cur
797 2027 936 2092 fieri
985 2028 1059 2092 de
1103 2027 1375 2109 corporis
1419 2046 1645 2112 genere
1689 2046 1811 2094 uno
1854 2047 1979 2094 non
2020 2031 2251 2113 posset,
2296 2030 2461 2112 quod
2504 2027 2580 2092 de
2622 2025 2925 2092 omnibus

645 2108 900 2211 posset?
945 2131 1002 2194 si
1047 2127 1364 2194 adnuisses
1409 2146 1612 2210 posse,
1652 2128 1929 2194 dicerem
1986 2128 2106 2195 tibi
2166 2145 2456 2195 sermone
2514 2126 2923 2212 prophetico·
2948 2155 2999 2195 ιε

646 2230 840 2298 uade
909 2232 1002 2298 ad
1067 2230 1504 2308 formicam,
1564 2251 1602 2299 o
1645 2231 1908 2315 piger,
1977 2232 2053 2297 et
2106 2233 2511 2298 aemulare
2567 2230 2929 2294 uidendo

645 2338 818 2403 uias
877 2336 1073 2411 eius,
1147 2335 1215 2398 id
1259 2339 1353 2402 est
1379 2380 1383 2384 -
1412 2335 1839 2418 prouidentiae
1896 2334 2051 2412 eius,
2116 2335 2237 2400 nisi
2296 2334 2458 2402 forte
2532 2334 2928 2400 credendum

645 2443 743 2506 est
787 2441 863 2506 ob
905 2438 972 2506 id
1014 2456 1129 2504 nos
1188 2439 1436 2504 oraculo
1490 2438 1743 2504 caelesti
1788 2438 2221 2517 commonitos,
2284 2438 2357 2504 ut
2415 2436 2746 2521 gradiendi
2795 2438 2927 2501 sci-

646 2534 882 2609 entiam
926 2561 964 2608 a
1014 2544 1279 2609 formica
1335 2560 1792 2626 quaereremus.
1868 2561 1991 2608 non
2050 2544 2115 2607 te
2174 2542 2241 2607 in
2299 2542 2418 2609 hac
2486 2542 2928 2625 prolocutione

853 2885 886 2938 6
921 2883 1082 2952 Verg.
1119 2882 1311 2953 Georg.
1345 2882 1424 2937 IV
1459 2883 1530 2939 83
1737 2884 1805 2939 16
1840 2883 1997 2938 Prou.
2038 2885 2086 2950 6,
2124 2885 2157 2938 6

752 3106 786 3161 2
821 3107 869 3161 si
906 3106 1038 3162 libre·
1063 3112 1292 3176 praeter
1326 3108 1399 3161 Μ
1583 3108 1623 3161 4
1652 3107 1745 3161 hic
1777 3107 1906 3162 libri
1934 3112 2169 3177 praeter
2202 3108 2276 3161 Μ
2284 3108 2317 3162 b
2350 3112 2405 3163 et
2441 3108 2563 3163 Sel».
2758 3108 2929 3178 illud]

650 3193 719 3247 ob
765 3193 867 3249 hoc
917 3193 1047 3249 add.
1095 3193 1228 3249 libri
1271 3198 1498 3263 praeter
1543 3192 1886 3250 DEFGPT
1916 3200 1967 3251 et
2004 3194 2283 3269 Schottum
2488 3196 2523 3251 5
2576 3210 2681 3264 quo
2738 3194 2789 3251 S
3115 3220 3116 3225 ¹

649 3278 954 3332 uersissime
1001 3278 1198 3334 ΗΠΒ
1403 3280 1436 3333 6
1483 3281 1769 3333 uersentur
1811 3279 1869 3334 R
2074 3280 2105 3333 ‘1
2152 3279 2383 3335 disserta
2418 3280 2642 3349 (diserta
2679 3280 2732 3348 b)
2784 3297 2929 3336 rece-
3114 3226 3117 3399 1

648 3398 855 3468 pissem·
885 3398 961 3454 M
969 3399 1001 3453 b
1174 3399 1210 3452 8
1244 3372 1514 3466 geometro
1551 3399 1621 3465 S,
1680 3398 2003 3469 geometrica
2038 3400 2097 3455 R
2266 3414 2635 3469 cognoscerem
2671 3401 2788 3456 Mb

649 3504 683 3555 9
720 3500 1093 3571 decempedam
1125 3502 1254 3571 non]
1293 3501 1742 3571 decempedanum
1766 3503 1841 3571 φ’
1865 3502 2116 3557 Schottus
2152 3520 2181 3558 e
2216 3503 2401 3559 codice
2442 3504 2494 3558 Τ
2524 3505 2590 3559 in
2625 3506 2797 3570 noti-3,
2834 3506 2932 3561 sed

648 3588 784 3643 haec
835 3586 995 3642 lectio
1042 3587 1226 3641 errori
1275 3589 1611 3657 typoyraphi
1655 3587 1961 3643 tribuenda
2005 3588 2229 3643 uidetur
2268 3604 2379 3657 pro
2424 3588 2805 3658 decempedam
2852 3591 2931 3655 in,

649 3674 796 3743 quod
848 3672 970 3729 Βοὴ.
1026 3673 1189 3727 habet
1238 3674 1303 3727 in
1355 3679 1512 3728 textu
1758 3691 1864 3728 non
1918 3674 2179 3728 iudicium
2234 3675 2441 3730 codices
2492 3691 2623 3746 quos
2676 3674 2931 3731 uidimus

648 3775 854 3827 omnes,
925 3758 986 3812 in
1038 3758 1299 3813 iudicium
1354 3758 1504 3827 Sela,
1575 3776 1682 3814 non
1737 3760 1977 3815 indicum
2031 3760 2290 3814 camelum
2345 3762 2376 3815 b
2604 3760 2673 3814 10
2726 3760 2929 3832 pfugio

648 3846 778 3917 312²
969 3846 1033 3902 11
1075 3848 1267 3901 meteri
1311 3844 1516 3903 CHLS
1690 3862 1719 3900 e
1752 3848 2265 3917 uestigio—metiri
2300 3864 2399 3903 om.
2442 3848 2518 3904 θ’
2713 3849 2931 3917 magni-

647 3933 893 3988 tudinem
932 3932 990 3987 R
1196 3932 1264 3987 12
1299 3932 1534 3986 animam
1569 3932 1627 3989 R
1832 3933 1901 3987 13
1935 3932 2156 4003 implere
2191 3935 2265 3990 Μ
2272 3932 2305 3988 b
2512 3935 2581 3989 14
2614 3934 2744 3989 cllur
2784 3936 2932 4004 (erat

649 4022 802 4085 cuur)
838 4018 920 4083 L,
979 4034 1104 4073 cum
1139 4020 1196 4075 R
1404 4018 1472 4072 15
1515 4021 1697 4087 posset
1744 4018 1869 4087 6⁷3,
1930 4020 2103 4088 possit
2136 4020 2254 4077 rell.
2290 4024 2345 4075 et
2378 4019 2613 4075 editores
2822 4020 2933 4075 tibi

651 4103 880 4158 dicerem
916 4103 1154 4160 editores
1353 4119 1647 4159 sermonem
1684 4105 2049 4175 propheticum
2084 4106 2162 4159 M
2164 4106 2225 4172 b
2284 4122 2578 4161 sermonem
2612 4106 2931 4177 prophetico

649 4190 707 4245 R
913 4192 982 4245 19
1029 4190 1098 4245 ad
1144 4190 1425 4245 formicam
1471 4189 1723 4258 ABDF,
1784 4190 2082 4245 allformicll
2128 4192 2212 4258 Ε,
2274 4208 2306 4245 a
2341 4192 2619 4247 formicam
2666 4192 2793 4251 ΗΒ

650 4276 720 4331 20
764 4280 894 4330 cura
933 4275 988 4331 R
1177 4276 1491 4331 sollertiam
1538 4276 1596 4333 R
1802 4280 1867 4331 ut
1901 4277 2049 4347 quod
2083 4292 2267 4332 omnes
2302 4277 2429 4334 libri
2457 4279 2733 4348 praebent
2768 4280 2837 4335 in
2866 4296 2931 4335 ac

650 4363 967 4418 immutauit
1001 4367 1055 4415 et
1088 4378 1151 4417 m
1182 4362 1392 4431 prioris
1426 4378 1624 4417 uersus
1656 4362 1822 4417 initio
1856 4362 2141 4419 collocauit
2174 4363 2300 4419 Sel».
2852 4400 2859 4407 ·
