3175 5050
2444 453 2639 501 XLVII

381 614 477 681 ita
513 613 641 679 fere
685 615 1018 680 uernacule
1062 615 1237 681 reddi
1281 617 1513 698 possit:
1565 617 1691 684 ‘der
1722 617 1932 682 Name
1966 619 2135 683 eines
2168 619 2635 702 Geqenstomdes

379 716 593 800 brinqt
657 718 796 782 sein
849 716 1018 783 Bild
1076 717 1421 802 yleichsam
1485 719 1687 785 durch
1742 719 1845 785 die
1900 721 2355 787 menschlichen
2410 722 2628 805 Sinne,

380 819 602 889 welche
643 820 763 884 das
813 819 1204 886 Gediichtnis
1247 820 1430 904 Zeita,
1489 822 1566 886 in
1626 819 1747 886 das
1796 821 1950 906 ohr,
2008 825 2145 888 und
2186 826 2303 890 wie
2342 825 2465 890 wir
2502 846 2631 892 was

379 921 540 987 beim
582 922 802 989 Reden
856 922 1058 988 durch
1119 925 1218 989 die
1272 925 1564 988 Nomina
1620 925 1952 1007 verstehen,
2010 945 2079 991 so
2132 933 2459 1012 vei-moyen
2512 930 2637 994 wir

379 1043 508 1089 uns
551 1025 712 1090 auch
761 1026 1014 1102 (wieder
1056 1027 1256 1092 durch
1285 1028 1404 1093 das
1445 1029 1929 1110 entsprechende
1961 1029 2037 1094 N
2031 1034 2237 1110 omen)
2281 1031 2633 1098 abwcsende

379 1126 598 1211 Dinye
623 1128 764 1193 und
792 1129 1046 1211 Bilder,
1089 1129 1192 1195 die
1233 1132 1353 1195 das
1391 1131 1777 1196 &machinis
1805 1131 2091 1197 behalten
2126 1133 2239 1198 hat
2268 1135 2632 1218 (memoriae

381 1236 476 1297 est
519 1233 770 1298 datiuus
813 1234 918 1315 qui
964 1233 1196 1298 dicitur
1224 1253 1480 1318 graecus
1523 1253 1635 1318 pro
1682 1255 1727 1300 a
1766 1237 2073 1321 memoria
2116 1239 2220 1302 uel
2264 1241 2471 1321 potius
2510 1257 2635 1318 per

379 1337 798 1419 memoriam),
849 1329 1301 1406 vorzustellen'.
1334 1375 1418 1390 --
1453 1339 1597 1422 192,
1631 1342 1671 1406 9
1701 1341 2025 1407 Har-telius
2065 1342 2354 1424 proponit
2410 1340 2634 1422 quodsi

378 1459 524 1523 erqo
569 1439 778 1528 [quod]
825 1440 1066 1506 dieitur
1095 1443 1246 1506 satis
1278 1443 1699 1524 probabiliter.
1758 1461 2011 1525 prorsus
2056 1445 2265 1509 autem
2296 1443 2633 1510 necessarIa

381 1544 478 1609 est
535 1545 828 1609 correctio
871 1543 1141 1610 Hartelii
1203 1545 1342 1628 195,
1400 1547 1484 1612 26
1537 1546 1977 1628 uoluntatique
2031 1565 2139 1629 pro
2194 1546 2634 1630 voluptatique

389 1647 735 1713 scribentis.

468 1784 635 1850 Haec
698 1785 773 1849 de
829 1786 1108 1851 codicum
1167 1786 1600 1852 aestimatione
1664 1787 1999 1852 sufficiant.
2078 1807 2240 1853 nunc
2297 1806 2489 1870 pauca
2556 1790 2631 1855 de

381 1887 564 1953 huius
611 1886 899 1953 editionis
945 1890 1182 1954 ratione
1228 1892 1504 1956 addenda
1550 1911 1683 1956 esse
1730 1891 2041 1956 uidentur.
2119 1911 2189 1956 ac
2246 1892 2521 1973 primum
2566 1894 2631 1958 in

379 1991 560 2056 rebus
629 1991 1120 2074 orthographicis
1187 1994 1562 2075 scripturam
1630 1993 1913 2059 codicum
1983 1993 2261 2059 omnium
2329 2012 2630 2062 consensu

379 2094 806 2160 confirmatam
851 2114 1094 2179 semper
1138 2097 1424 2180 religiose
1469 2099 1838 2163 retinuimus
1864 2099 1931 2180 ¹),
1992 2096 2101 2163 sed
2156 2117 2295 2162 cum
2341 2101 2500 2165 mira
2544 2101 2629 2164 sit

377 2196 680 2263 librorum
735 2199 1305 2280 manuscriptorum
1351 2197 1680 2265 Claudiani
1731 2200 2009 2266 condicio
2052 2219 2249 2283 neque
2294 2223 2450 2268 unus
2496 2222 2629 2268 sae-

379 2301 589 2368 culum
635 2318 865 2366 nonum
923 2304 1189 2386 superet,
1249 2303 1302 2369 is
1346 2303 1476 2385 ipse
1521 2303 1688 2367 inter
1731 2305 2063 2369 deteriores
2122 2305 2206 2369 sit
2249 2305 2629 2384 referenduS,

379 2407 601 2490 optimi
644 2404 799 2470 libri
843 2407 1089 2471 saeculo
1122 2406 1374 2471 demum
1405 2407 1735 2471 undecimo
1782 2405 1909 2471 sint
1942 2407 2344 2486 attribuendi,
2393 2407 2629 2473 miran-

379 2513 528 2577 dum
572 2529 697 2575 non
745 2510 858 2585 est,
918 2510 972 2574 si
1016 2509 1084 2574 in
1129 2509 1382 2575 leuioris
1426 2509 1795 2593 plerumque
1840 2510 2142 2576 momenti
2184 2509 2371 2577 rebus
2417 2509 2629 2577 ortho-

378 2613 691 2698 graphicis
747 2613 893 2679 libri
936 2613 1118 2678 nalde
1163 2614 1328 2679 inter
1371 2631 1436 2678 se
1481 2614 1849 2696 discrepent.
1922 2613 2157 2679 talibus
2215 2614 2412 2698 igitur
2455 2614 2624 2695 lociS,

376 2717 500 2782 nisi
544 2718 831 2783 meliores
876 2717 977 2782 uel
1021 2720 1186 2782 certe
1229 2717 1604 2783 uetustiores
1649 2718 1888 2783 codices
1927 2718 2087 2783 forte
2119 2718 2369 2783 fortuna
2397 2720 2629 2801 reperi-

376 2822 579 2896 antur,
650 2820 1152 2905 orthographiam
1210 2839 1247 2886 a
1293 2820 1633 2887 Claudiano
1690 2822 1823 2904 ipso
1884 2821 2224 2904 profectam
2286 2840 2396 2886 nos
2450 2840 2629 2905 posse

376 2942 738 3006 recuperare
783 2924 1234 3006 desperandum
1270 2928 1380 2989 est.
1431 2942 1620 3007 quam
1652 2924 1728 2990 ob
1760 2943 1891 2989 rem
1920 2944 1996 2989 ne
2042 2922 2340 2989 hariolari
2384 2924 2628 2989 uidere-

375 3046 519 3093 mur
583 3027 1020 3109 aequabilitati
1085 3020 1408 3093 studentes
1477 3048 1621 3094 cum
1682 3028 1805 3094 alia
1870 3026 1949 3093 ad
2014 3030 2247 3093 certam
2314 3028 2627 3109 quandam

376 3150 661 3196 normam
693 3130 1024 3215 exegimuS,
1079 3134 1218 3196 tum
1247 3131 1769 3196 assimilationem
1802 3150 2205 3197 consonarum
2236 3131 2365 3195 fere
2397 3130 2625 3213 ubique

377 3235 786 3318 negleximus.
862 3255 1062 3319 neque
1125 3252 1270 3299 uero
1328 3253 1484 3317 quae
1528 3238 1606 3300 ad
1652 3253 2057 3300 consonarum
2104 3234 2622 3300 assimilationem

371 3340 688 3423 pertinent
731 3338 1029 3405 lectiones
1075 3338 1390 3403 uariantes
1419 3338 1493 3402 ut
1529 3338 1597 3402 in
1628 3336 2092 3403 adnotationem
2137 3336 2421 3401 criticam
2464 3338 2626 3403 reci-

373 3461 582 3525 perem
626 3462 663 3509 a
706 3462 806 3509 me
847 3442 1180 3526 impetraui
1226 3442 1288 3507 et
1330 3442 1704 3506 uetustiores
1736 3439 2063 3507 Claudiani
2093 3440 2284 3506 libros
2318 3440 2471 3527 (AB
2490 3440 2627 3511 GH

373 3545 573 3629 LRS)
645 3564 783 3612 eam
847 3544 1077 3630 ubique
1142 3546 1269 3609 fere
1336 3544 1685 3627 neglegere,
1753 3543 2021 3626 reliquos
2096 3546 2401 3627 (inprimis
2462 3542 2619 3621 OM)

375 3650 736 3715 constanter
780 3649 906 3715 fere
951 3647 1234 3713 exhibere
1278 3647 1384 3713 hic
1428 3646 1827 3712 adnotauisse
1871 3648 2026 3712 satis
2071 3647 2286 3712 habeo.

457 3786 890 3869 Capitulorum
935 3785 1154 3852 titulos
1185 3804 1258 3849 ex
1288 3784 1510 3869 optimi
1541 3783 1769 3851 codicis
1807 3784 1879 3849 M
1917 3784 2287 3851 auctoritate
2315 3785 2621 3867 dedimu3‚

374 3892 540 3981 quod
582 3892 646 3956 in
691 3909 814 3955 uno
857 3890 928 3954 M
975 3888 1394 3973 capitulorum
1441 3888 1627 3954 index
1670 3886 2002 3954 Claudiani
2046 3888 2122 3952 de
2166 3890 2336 3952 statu
2378 3891 2623 3955 animae

370 3994 552 4059 libris
597 3993 902 4077 praefixus
947 3992 1410 4059 accuratissime
1455 3991 1584 4057 fere
1630 3991 1857 4075 ubique
1888 3990 2203 4071 conspirat
2233 4008 2377 4055 cum
2405 3990 2625 4077 singu·

576 4199 618 4268 ¹)
665 4198 749 4262 22,
788 4197 852 4253 16
889 4198 1109 4253 εωᾱῑίαε
1144 4213 1238 4267 pro
1276 4196 1473 4251 exilius
1508 4196 1579 4266 (D
1594 4194 1693 4249 EF
1708 4195 1803 4264 θ’)
1840 4194 2175 4249 scribendum
2212 4198 2344 4263 erat,
2387 4196 2445 4251 id
2481 4196 2624 4267 quod

372 4285 572 4353 optime
615 4283 810 4339 codicis
845 4282 903 4336 M
948 4285 1215 4351 scriptura
1262 4298 1332 4337 ex
1375 4282 1490 4336 illis
1535 4279 1934 4351 comprobatum
1991 4280 2075 4346 66,
2090 4278 2095 4282 ’
2112 4280 2194 4335 19.
2231 4282 2315 4349 98,
2350 4282 2398 4337 9.
2424 4274 2552 4348 ’132,
2587 4281 2622 4335 5

372 4370 570 4437 dissici,
605 4384 714 4424 non
749 4367 912 4424 disici
945 4368 1159 4438 scripsit
1193 4368 1536 4423 Claudianus.
