3175 5050
967 459 1058 514 De
1091 461 1285 515 statu
1320 437 1584 561 animae
1630 446 1840 517 111'10.
2414 463 2533 529 171

269 647 416 730 quia
483 666 626 714 cum
655 678 660 686 ·
691 649 860 735 lippo
921 649 1454 732 imaginationum
1521 649 1938 732 corporalium
2000 650 2166 716 intro
2234 649 2540 733 inspicere

271 750 620 834 nequimus,
659 749 933 818 ‘semotis‘
967 753 1293 836 paululum
1352 752 1506 819 locis
1551 753 2038 837 corporibusque
2080 754 2405 819 uideamus
2452 759 2537 832 et,

271 853 382 918 ubi
425 853 700 921 itatenus
753 855 921 922 int'er
971 857 1298 940 quospiam
1329 855 1561 922 iudicio
1591 857 1895 922 discretos
1924 857 2277 922 inmensum
2307 857 2539 922 dicitur

271 957 567 1038 spatium,
615 958 690 1022 ut
734 961 927 1026 etiam
971 959 1278 1024 sermonis
1322 959 1522 1042 possit
1567 978 1703 1026 esse
1748 959 2213 1036 commercium,
2250 959 2539 1024 animad-

227 1061 592 1125 5uertamus
635 1077 760 1126 non
801 1063 1084 1128 locorum
1128 1061 1521 1146 distantiam,
1553 1063 1663 1127 sed
1694 1061 2117 1128 differentiam
2146 1061 2539 1127 meritorum.

275 1181 419 1228 cum
463 1162 629 1230 iusto
673 1183 962 1248 namque,
1009 1167 1311 1249 quantum
1357 1169 1435 1232 ad
1480 1183 1707 1250 corpus
1752 1167 2018 1250 spectat,
2039 1187 2047 1201 >·
2064 1164 2356 1232 locaiiter
2402 1183 2543 1230 esse

273 1261 548 1332 iniustus
607 1270 838 1350 potest,
896 1269 1170 1334 iniustus
1232 1287 1381 1334 uero
1431 1287 1566 1334 esse
1611 1270 1679 1334 in
1723 1267 2079 1335 innocentia
2119 1269 2292 1348 iusti,
2339 1268 2543 1352 quoad

273 1387 470 1453 usque
525 1370 800 1438 iniustus
861 1375 978 1450 est,
1042 1389 1166 1437 non
1225 1372 1453 1456 potest.
1525 1372 1691 1437 unde
1734 1373 1884 1455 quia
1926 1374 2069 1456 post
2114 1363 2384 1438 mortem
2428 1391 2545 1438 nec

273 1474 587 1558 paenitere
657 1477 950 1559 cuiquam
1020 1493 1134 1540 nec
1189 1493 1442 1558 peccare
1499 1474 1797 1558 possibile
1857 1479 1970 1552 est,
2032 1475 2199 1541 inter
2258 1477 2541 1542 saluatos

207 1601 260 1641 io
277 1580 343 1644 et
385 1577 659 1661 perditos
702 1578 1218 1648 intransmeabile
1277 1578 1506 1643 dicitur
1550 1577 1732 1644 chaos
1801 1577 2273 1645 indemutabilis
2318 1579 2541 1645 status,

276 1681 391 1745 tua
433 1680 632 1764 igitur
677 1681 972 1747 aduersus
1017 1681 1082 1746 te
1125 1680 1329 1747 fertur
1364 1682 1582 1747 oratio.
1638 1699 1859 1764 nempe
1888 1681 2344 1762 testimonium,
2376 1683 2543 1766 quod

279 1803 318 1850 a
360 1784 542 1850 nobis
587 1784 1004 1868 disparascere
1049 1784 1483 1863 arbitrabariS‚
1530 1783 1983 1852 animaduertis
2028 1785 2355 1852 nobiscum
2400 1783 2545 1870 pro-

278 1886 448 1953 fectu
507 1887 944 1970 disputationis
1001 1907 1295 1954 unescere
1351 1887 1598 1971 tibique
1658 1888 2058 1954 tenuissimos
2114 1890 2213 1955 sui
2256 1890 2545 1955 tramites

282 1991 362 2056 ad
407 1989 658 2056 infinita
701 1989 1066 2057 inlocalium
1107 1993 1434 2076 regionum
1478 1992 1690 2076 spatia·
1730 1993 2027 2058 ducentes
2075 1993 2334 2058 obuerso
2366 1992 2548 2076 poste

212 2115 264 2157 ιε
282 2093 584 2172 claudere,
632 2094 778 2177 quia
820 2079 1144 2177 corporeae
1189 2095 1623 2178 amplitudinis
1677 2099 2013 2180 angustum
2058 2096 2547 2178 incorporalium

280 2191 714 2263 subtilitatum
772 2196 1056 2264 inmensa
1117 2215 1240 2264 non
1299 2199 1546 2283 capiens
1608 2217 1721 2264 nec
1780 2199 2147 2266 distantiam
2208 2200 2343 2264 sine
2412 2198 2548 2263 loco

279 2305 396 2365 nec
453 2301 717 2366 uerbum
777 2301 912 2366 sine
957 2301 1226 2383 strepitu
1289 2319 1404 2367 nec
1447 2304 1762 2384 gremium
1806 2303 1941 2368 sine
1985 2302 2188 2385 spatio
2234 2301 2549 2384 conplecti

279 2403 509 2486 potest.
583 2421 768 2486 porro
813 2405 1027 2469 autem
1072 2421 1364 2485 corporea
1406 2423 1530 2470 non
1575 2409 1721 2470 sunt
1768 2421 2193 2488 quaecumque
2228 2405 2325 2470 ita
2378 2407 2546 2470 sunt.

282 2506 527 2571 animae
587 2524 734 2572 uero
793 2506 1106 2586 Abrahae,
1166 2507 1510 2574 Lazari'et
1571 2508 1787 2574 diuitis
1846 2509 1938 2574 ita
1989 2511 2159 2586 sunt,
2222 2526 2550 2591 corporeae

214 2610 479 2694 steigi-tur
528 2613 662 2676 'non
719 2612 888 2675 su‘nt.
963 2612 1073 2701 sed
1123 2614 1289 2693 'quae
1347 2610 1638 2695 posthinc
1710 2611 1879 2677 hisce
1952 2614 2185 2679 similia
2252 2616 2553 2679 secuntur

285 2713 495 2778 minus
561 2712 835 2797 profecto
897 2714 965 2779 in
1031 2712 1520 2781 'confutationem
1586 2714 1689 2779 sui
1746 2722 1933 2799 penes
2002 2716 2245 2782 consilii
2304 2698 2553 2799 uigidos

284 2816 518 2883 habere
562 2816 798 2883 laboris
845 2818 1092 2886 debent.
1168 2822 1392 2885 cordax
1452 2818 1683 2905 quippe
1724 2818 1908 2884 iudex
1950 2820 2070 2884 rite
2116 2821 2358 2885 uictum
2405 2837 2551 2884 cen-

288 2922 386 2985 set
444 2920 552 3004 qui
609 2940 720 3006 pro
781 2920 880 2987 sui
937 2922 1349 2989 inbecillitate
1408 2942 1519 3006 par
1578 2921 1771 2988 uictis
1827 2916 1944 2988 est.
2041 2924 2205 2989 unde
2248 2940 2370 2987 non
2415 2920 2551 2987 sine

286 3024 524 3107 pudore
594 3027 832 3110 stupeo,
903 3027 1066 3111 quod
1129 3045 1243 3113 pro
1305 3028 1738 3113 conprobanda
1805 3027 2049 3093 animae
2111 3002 2606 3109 corporalitate·

397 3317 424 3369 1
451 3314 798 3383 introspicere
814 3318 884 3382 ρ’
1063 3314 1098 3368 2
1123 3314 1464 3385 nequiuimus
1499 3316 1556 3371 R
1581 3315 1703 3371 Βοὴ.
1884 3315 1919 3369 3
1944 3317 2163 3369 eatenus
2178 3317 2249 3383 ρ’
2419 3314 2555 3369 510-

291 3422 475 3462 carum
510 3408 566 3464 R
715 3411 773 3463 -6
807 3411 1017 3478 spectat
1041 3408 1197 3476 E’G‘,
1251 3410 1486 3478 espectet
1518 3410 1617 3473 Μ,
1668 3405 1912 3479 expectat
1936 3406 2054 3463 rell.
2227 3405 2259 3463 7
2292 3424 2405 3463 non
2428 3416 2558 3465 wate

291 3503 473 3571 potest
487 3500 640 3572 ,add-
677 3500 725 3556 S
911 3502 1146 3557 iniustos
1181 3502 1269 3569 H,
1328 3504 1532 3557 iniusto
1567 3502 1625 3557 B
1823 3504 1858 3557 8
1892 3519 2007 3557 esse
2043 3503 2076 3559 b
2258 3503 2292 3557 9
2326 3504 2556 3572 penit-eri

295 3594 341 3650 S
512 3596 573 3650 11
595 3582 656 3649 'te
678 3586 854 3665 igitur
873 3590 1135 3677 ‚aduersus
1157 3601 1257 3651 tua
1283 3597 1337 3654 G
1401 3584 1405 3587 ⁴
1508 3590 1805 3652 aduersum
1828 3596 1906 3651 Μ
1911 3599 1951 3653 b‘
2032 3614 2063 3674 Ἰ
2090 3596 2349 3652 ‘refertur
2373 3614 2419 3667 p

294 3685 506 3757 q'uoeen
541 3690 598 3746 R
777 3690 844 3744 12
880 3678 1061 3761 dispar
1079 3690 1328 3746 asserere·
1348 3690 1464 3747 Mb
1636 3690 1985 3745 arbitraberis
2013 3690 2177 3758 Mb,
2232 3675 2558 3749 arbitrabere

298 3782 352 3837 G
523 3780 826 3854 nobiscum]
855 3802 974 3841 cum
987 3777 1126 3841 'add
1150 3786 1208 3843 R
1378 3786 1623 3855 profectu
1646 3779 1779 3851 ΑΒ,
1814 3775 2049 3854 profecto
2072 3786 2149 3839 Μ
2334 3786 2401 3842 13
2424 3800 2557 3840 una-

293 3922 435 3961 scere
478 3906 534 3961 A
547 3945 563 3973 ,
623 3906 757 3962 bene
793 3907 926 3962 scire
962 3908 1039 3961 M
1067 3910 1231 3975 (corr.
1275 3908 1369 3963 Μ’
1401 3908 1466 3963 im
1499 3908 1692 3977 mara.)
1706 3944 1721 3973 ‚
1780 3908 2023 3963 unestere
2067 3908 2151 3974 R,
2210 3922 2455 3963 unescere
2500 3906 2561 3975 S,

293 4011 428 4067 bene
453 4011 600 4064 stare
612 4008 654 4065 *B
821 4010 1178 4065 tenuissimus
1202 4010 1259 4066 R
1429 4010 1498 4066 14
1521 4012 1645 4079 post
1668 4014 1723 4065 te
1746 4008 1803 4065 R
1895 4035 1899 4043 ¹
1975 4010 2041 4065 18
2074 4024 2292 4079 corpora
2312 4010 2557 4077 ADEF,

297 4107 434 4176 corp’
483 4104 544 4160 Β
735 4106 814 4159 ’19
858 4105 1039 4160 lazaro
1087 4105 1143 4161 R
1346 4104 1456 4160 ista
1498 4107 1554 4159 A
1760 4104 1829 4158 20
1874 4106 2173 4173 sequuntur
2214 4104 2278 4159 Ε
2297 4104 2420 4162 Sch.

296 4200 365 4253 21
400 4201 602 4269 uigilos
638 4201 697 4268 b,
749 4200 946 4270 uigiles
975 4214 1019 4269 p
1202 4198 1272 4253 22
1305 4199 1512 4254 labores
1545 4198 1656 4253 Aa
1826 4198 2076 4253 cordatus
2111 4199 2144 4255 b
2315 4200 2560 4255 uinctum

298 4294 482 4348 ΑΒΗ
487 4296 565 4352 ²13
769 4294 930 4349 cessit
976 4293 1031 4349 R
1235 4292 1306 4347 23
1351 4294 1446 4363 qui
1489 4294 1629 4360 Mb,
1688 4292 1829 4361 quod
1874 4293 1989 4349 rell.
2010 4285 2027 4303 ’
2040 4298 2091 4349 et
2137 4293 2260 4351 Sel».
2464 4308 2565 4362 par

297 4384 476 4437 uictus
511 4382 544 4437 b
748 4380 994 4436 uictisset
1028 4379 1083 4435 R
