3175 5050
1033 423 1124 478 De
1157 425 1350 486 statu
1385 424 1646 478 animae
1690 421 1750 477 ΙΙ
1785 423 1836 476 9.
2442 429 2565 494 135

308 617 558 700 sequius
605 614 877 680 sentiens
923 616 1042 679 duo
1084 613 1239 680 haec
1282 614 1450 679 ueris
1505 614 1769 678 aduersa
1812 612 2131 679 disseruit:
2176 635 2395 694 unum,
2440 636 2560 700 quo

304 720 468 787 nihil
509 719 946 802 incorporeum
991 718 1266 784 creatum
1295 704 1488 794 dixit,
1535 716 1726 796 aliud,
1774 735 1894 800 quo
1937 717 2099 784 nihil
2128 721 2353 787 doloris
2384 719 2562 786 Chri·-

305 828 480 890 stum
536 823 604 887 in
662 821 947 906 passione
1003 821 1289 897 sensisse,
1337 822 1514 887 cuius
1559 824 1614 889 si
1659 840 1808 887 uera
1858 823 2063 904 passio
2106 841 2230 890 non
2273 824 2416 904 fuit,
2460 845 2560 890 re-

306 925 580 1010 demptio
639 944 881 1009 quoque
938 929 1156 991 nostra
1208 943 1358 990 uera
1402 943 1536 989 esse
1603 944 1729 991 non
1793 925 2019 1007 potuit.
2094 927 2204 992 sed
2268 931 2561 1009 quoniam

264 1031 524 1098 abeatus
583 1029 868 1094 Hilarius
928 1028 1234 1112 opinionis
1295 1028 1551 1096 huiusce
1603 1029 1837 1094 uitium
1880 1029 2115 1094 uirtute
2162 1029 2559 1097 confessionis

303 1133 598 1211 aboleuit,
644 1135 735 1197 sic
795 1132 1082 1223 sustinet¹
1124 1133 1620 1216 reprehensionis
1663 1133 1899 1211 stilum,
1948 1133 2111 1215 quod
2156 1151 2279 1198 non
2321 1134 2561 1216 patitur

308 1237 686 1302 detrimenta
727 1235 1117 1301 meritorum.
1193 1240 1572 1321 quapropter
1616 1237 1875 1302 eatenus
1922 1235 2278 1302 diuinarum
2322 1239 2561 1304 tracta-

303 1341 543 1406 toribus
587 1339 1045 1422 scripturarum
1087 1338 1276 1405 fidem
1333 1339 1617 1405 adhiberi
1669 1359 1783 1423 par
1828 1340 1941 1422 est,
1988 1340 2189 1422 quoad
2231 1358 2427 1423 usque
2472 1341 2561 1406 ei-

305 1444 450 1509 dem
493 1445 708 1508 tenore
753 1443 1041 1510 ueritatis
1101 1445 1580 1527 adstipulantur.
1654 1443 1764 1508 sed
1823 1461 2205 1526 quamquam
2248 1445 2560 1510 nonnullis

236 1577 288 1616 ιο
302 1546 810 1613 dissertatoribus
868 1546 1252 1628 proferendis
1315 1548 1656 1613 necessario
1720 1547 2195 1629 supersederim,
2261 1550 2413 1614 dum
2479 1548 2558 1613 ad

304 1650 552 1722 oracula
581 1650 817 1728 diuina,
845 1669 920 1715 ex
950 1652 1086 1732 quis
1117 1652 1456 1716 eorundem
1485 1652 1714 1735 pendet
1742 1651 2107 1726 auctoritaS,
2142 1651 2277 1716 iure
2308 1650 2556 1734 festino,

302 1753 789 1837 haudquaquam
831 1758 1045 1819 tamen
1090 1753 1465 1820 Eucherium
1510 1754 1942 1837 praeterierim
1987 1754 2275 1818 mihimet
2303 1755 2557 1818 uiuente

302 1855 590 1922 doctrina
634 1861 699 1921 et
742 1858 1200 1939 praesentaneis
1249 1875 1454 1922 coram
1495 1856 2019 1938 disputationibus
2051 1856 2390 1940 cognitum,
2434 1874 2557 1921 non

304 1977 486 2042 porro
531 1961 768 2026 nuntiis
814 1964 922 2025 aut
968 1962 1230 2028 lectione
1274 1964 1658 2045 conpertum,
1714 1960 1821 2042 qui
1865 1959 2103 2026 scilicet
2148 1957 2367 2024 uiridis
2398 1959 2555 2040 aeui,

233 2093 285 2134 15
301 2064 585 2128 maturus
618 2064 834 2141 animi,
879 2068 1082 2130 terrae
1127 2065 1438 2148 dispuens,
1484 2064 1643 2131 caeli
1672 2064 1987 2147 adpetens,
2019 2062 2281 2128 humilis
2310 2063 2557 2147 spiritn,

303 2167 534 2232 arduus
578 2169 806 2233 merito
849 2187 921 2234 ac
964 2169 1223 2252 perinde
1281 2169 1519 2252 ingenii
1563 2169 2037 2247 subtilissimUS‚
2084 2166 2379 2232 scientiae
2422 2163 2559 2248 ple-

301 2289 435 2348 nuS,
482 2270 718 2353 eloquii
759 2272 1052 2354 profluuS,
1105 2291 1476 2357 magnorum
1535 2273 1768 2339 saeculi
1813 2274 1913 2338 sui
1959 2272 2328 2355 pontificum
2372 2270 2557 2354 longe

300 2374 606 2439 maximus
651 2375 836 2439 editis
880 2377 945 2440 in
989 2396 1120 2440 rem
1167 2375 1312 2440 fidei
1351 2376 1711 2459 multiiugis
1741 2377 2061 2440 uariorum
2090 2393 2346 2457 operum
2374 2373 2557 2439 uolu-

299 2475 578 2543 minibus
623 2477 703 2542 ad
745 2478 1046 2561 populum
1078 2497 1318 2562 quoque
1345 2479 1444 2545 his
1473 2497 1657 2562 super
1686 2480 1861 2545 statu
1892 2477 2133 2545 animae
2165 2479 2555 2544 contionatus

226 2582 429 2649 zoest:
500 2599 909 2663 quaerere,
976 2582 1202 2663 inquit,
1271 2582 1583 2665 quidam
1642 2584 1945 2665 solent,
2009 2594 2152 2664 quo
2212 2583 2427 2648 modo
2474 2582 2557 2647 in

300 2681 618 2748 Christo
677 2683 1004 2749 misceri
1063 2686 1424 2766 potuerit
1478 2685 1702 2750 homo
1763 2687 1843 2751 et
1888 2687 2094 2751 deus.
2173 2688 2559 2770 quaerunt

295 2786 682 2852 rationem
749 2787 982 2853 huius
1050 2788 1451 2871 mysterii,
1520 2790 1719 2870 quod
1775 2790 2016 2855 semel
2062 2790 2365 2855 factum
2408 2794 2553 2866 est,

298 2906 462 2954 cum
549 2890 714 2971 ipsi
787 2887 1108 2955 reddere
1193 2890 1582 2957 rationem
1671 2910 2162 2975 nequaquam
2243 2893 2559 2975 possint

497 3112 570 3167 20
605 3112 830 3167 Eucher.
868 3113 928 3167 in
965 3112 1190 3167 homilia
1223 3112 1516 3183 deperdita,
1555 3113 1624 3170 cf.
1650 3113 1835 3183 Migne
1869 3114 2069 3184 patrol.
2105 3114 2204 3169 lat.
2239 3114 2284 3167 L
2316 3114 2420 3169 866

397 3319 428 3370 1
475 3290 684 3371 saeffius
731 3320 808 3386 A,
873 3335 1022 3374 secus
1069 3319 1246 3374 ΒΕΓ
1265 3319 1411 3384 Sch„
1471 3320 1642 3374 secius
1690 3319 1756 3374 δ’
1788 3321 1853 3375 in
1886 3336 2055 3391 maa-9.
2090 3326 2142 3375 et
2176 3321 2207 3374 b
2416 3321 2556 3390 quod

291 3444 524 3508 utroque
557 3442 673 3495 loco
707 3440 866 3507 Mb,
897 3441 1093 3509 priore
1121 3440 1243 3495 'loco
1282 3440 1402 3495 Βοὴ.
1597 3442 1634 3496 4
1668 3441 1878 3510 quando
1904 3444 1977 3511 ρ’
2162 3443 2198 3497 5
2232 3413 2449 3495 Ῑιιιίιιεὲἒ
2483 3444 2555 3505 Α,

291 3540 512 3595 huiusse
545 3542 602 3596 B
788 3543 954 3597 huius
988 3560 1045 3597 se
1080 3543 1282 3598 uitium
1317 3544 1545 3611 HL281,
1606 3544 1765 3599 huius
1802 3545 2055 3599 seuitiam
2092 3544 2159 3599 δ”
2347 3545 2558 3615 opionis

293 3627 439 3695 (sict)
471 3644 527 3682 se
561 3628 706 3682 uitiu
739 3628 899 3683 huius
935 3630 1143 3685 uirtute
1176 3630 1235 3686 R
1404 3631 1439 3685 8
1472 3646 1571 3700 par
1606 3633 1705 3701 est]
1746 3626 1927 3700 parem
1963 3632 2235 3687 ΒΒΙΕῈη
2405 3632 2440 3685 9
2474 3634 2556 3685 te-

291 3727 444 3766 nores
484 3713 553 3778 G,
609 3714 784 3768 tenori
820 3714 1092 3771 Barthius
1115 3721 1167 3771 et
1191 3715 1314 3771 Βοὴ.
1489 3716 1743 3785 quoniam
1777 3717 2051 3772 Bar-thius
2234 3718 2300 3771 11
2337 3732 2399 3769 ex
2434 3715 2556 3784 quis

291 3813 393 3851 om.
441 3798 675 3854 BDEF
873 3800 1070 3869 quibus
1110 3818 1156 3872 p
1357 3801 1548 3871 pendit
1594 3802 2153 3859 BODEFG²H¹MR
2362 3803 2427 3857 12
2461 3807 2557 3857 aut

290 3900 614 3954 quamquam
651 3885 932 3943 BGGHR
1125 3888 1426 3943 heucerium
1463 3889 1802 3955 BOGHLS,
1862 3889 2125 3945 eucarium
2158 3890 2215 3944 R
2402 3905 2553 3957 prae—

289 3971 540 4027 terierem
593 3970 791 4027 BH¹R
1001 3975 1276 4030 uiuentem
1327 3976 1405 4030 M
1452 3982 1505 4033 et
1561 3977 1797 4033 editores
1839 3982 2067 4046 praeter
2120 3976 2419 4031 Barthium

293 4094 360 4149 14
392 4093 682 4153 lectionem
714 4092 907 4149 AB¹B
1105 4096 1172 4148 15
1204 4069 1374 4150 animi
1412 4097 1467 4152 B
1663 4098 1729 4152 16
1764 4070 1971 4166 ingeni‘i'
2002 4097 2060 4151 Β
2257 4096 2320 4151 17
2356 4096 2554 4165 eloquii

291 4197 346 4251 B
521 4197 586 4251 19
619 4197 721 4252 hoo
747 4200 820 4265 ρ’
996 4198 1062 4251 21
1101 4185 1238 4266 que?
1265 4199 1363 4265 Μ,
1423 4214 1617 4267 quaere
1653 4200 1711 4263 b,
1772 4215 1933 4267 qnare
1961 4214 2006 4269 p
2178 4198 2463 4269 quaerunt]
2500 4202 2556 4252 et

289 4284 417 4338 add.
454 4284 537 4337 Ει
581 4282 851 4341 Gallam.
1044 4284 1114 4337 22
1149 4285 1248 4353 est]
1286 4288 1550 4353 quaerunt
1583 4283 1729 4339 add..
1743 4301 1786 4352 p
1981 4286 2049 4340 23
2085 4286 2227 4356 cum]
2264 4300 2400 4357 quae
2434 4300 2554 4337 eum

285 4370 351 4437 φ’
553 4371 669 4439 ipse
701 4368 758 4425 R
963 4369 1245 4439 rationem]
1282 4383 1407 4425 cum
1443 4368 1572 4424 add.
1605 4372 1674 4438 Ρ*
