3175 5050
673 424 760 493 50
881 400 886 409 ⁶
1445 421 1816 479 Claudiani
1850 421 2166 477 Mamerti

672 612 990 696 loquitur:
1057 611 1317 677 lumen
1384 627 1568 695 ergo
1626 610 2001 676 iustitiae
2060 628 2207 675 non
2266 608 2480 676 luxit
2534 608 2807 690 nobiS‚
2864 614 2936 675 et

670 716 791 783 sol
844 733 997 781 non
1056 717 1181 781 est
1235 717 1454 785 ortus
1499 715 1750 781 nobis.
1828 712 2136 797 numquid
2193 711 2305 779 isti
2364 713 2529 779 bunc
2572 731 2933 797 corporeum

669 820 868 887 solem
923 818 1208 884 uiuentes
1261 816 1330 883 in
1385 817 1506 882 hoc
1561 818 1797 883 mundo
1843 835 1965 883 non
2007 818 2318 898 uiderant,
2364 820 2473 883 sed
2514 816 2931 901 incorporales

671 920 837 989 oculi
865 922 1057 986 solem
1083 922 1516 1003 incorporeum
1541 920 1941 1004 requirebant
1955 922 1989 985 ἱ)
2032 920 2217 986 ualde
2247 923 2459 986 autem
2495 920 2728 985 mirum
2757 920 2934 984 uide-

674 1028 800 1109 tur,
845 1024 902 1089 si
944 1023 1051 1089 lux
1095 1023 1222 1090 ista
1263 1024 1490 1090 habeat
1535 1024 1745 1089 oculos
1797 1040 1951 1107 quos
1994 1022 2354 1102 inluminet,
2400 1023 2517 1087 illa
2545 1027 2759 1088 autem
2788 1040 2937 1087 uera
2976 1044 3001 1084 ε

673 1141 795 1193 non
841 1125 1102 1193 habeat:
1149 1129 1259 1192 aut
1303 1126 1357 1191 si
1399 1125 1607 1205 habet,
1651 1126 1837 1192 sicuti
1880 1144 2026 1191 uere
2067 1126 2257 1192 habet
2300 1126 2467 1190 unde
2508 1124 2706 1191 uideri
2735 1124 2939 1189 incor-

672 1248 930 1315 poreum
975 1231 1202 1313 potest,
1263 1246 1386 1294 non
1439 1229 1646 1295 solum
1689 1247 1813 1295 non
1859 1229 2120 1307 aerium,
2166 1230 2273 1309 sed
2316 1227 2593 1295 arbitror
2636 1246 2763 1295 non
2806 1246 2933 1292 esse

675 1350 1060 1416 corporeum.

1668 1566 1855 1651 .X.

673 1758 866 1821 QVOD
907 1759 1035 1807 IAM
1077 1756 1406 1806 FORMATA
1449 1756 1872 1807 SVBSTANTIA
1913 1757 2059 1807 NON
2100 1756 2358 1807 POTEST
2400 1757 2549 1807 DICI
2604 1759 2937 1807 MATERIA.
2960 1762 3007 1802 ιο

758 1897 931 1963 Illud
988 1898 1120 1962 iam
1179 1898 1365 1981 quale
1420 1897 1537 1976 est,
1582 1899 1747 1978 quod
1790 1897 1856 1961 in
1899 1896 2033 1978 ipso
2077 1895 2521 1979 disputationis
2566 1899 2714 1962 tuae
2760 1896 2941 1977 prin-

676 2001 834 2084 cipio
896 2000 1352 2067 admonendum
1408 1998 1734 2065 credidisti
1794 2018 1929 2065 esse
1984 1998 2303 2077 lectorem,
2361 2001 2439 2065 ut
2481 1999 2563 2064 ad
2605 1999 2946 2066 subtiliora

677 2104 792 2169 illa
835 2105 1164 2189 cogitanda
1209 2104 1491 2168 animum
1534 2105 1912 2185 praeparet?
1954 2122 1992 2169 a
2022 2103 2287 2168 summis
2332 2103 2412 2169 ad
2442 2103 2591 2178 ima,
2623 2101 2703 2168 ab
2735 2102 2945 2169 incor-

675 2206 878 2290 poreis
940 2206 1020 2272 ad
1079 2224 1368 2289 corporea
1431 2204 1806 2271 rationalem
1864 2208 2152 2271 nostrum
2208 2201 2449 2271 co'naris
2505 2204 2822 2273 abducere
2882 2212 2947 2272 et

678 2310 860 2392 quasi
905 2311 1126 2375 docens
1170 2328 1282 2376 nos
1328 2310 1408 2375 ad
1451 2307 1712 2375 subtilia
1754 2308 1984 2375 mentis
2029 2311 2279 2375 oculum
2337 2328 2699 2392 praeparare
2758 2310 2948 2392 paulo
2966 2331 3011 2371 1⁵

677 2416 820 2497 post
863 2413 1060 2479 adicis
1105 2416 1170 2479 et
1213 2412 1404 2479 dicis:
1458 2411 1851 2496 quidquid
1911 2416 2267 2479 creatum
2312 2404 2466 2494 est,
2526 2413 2951 2479 materiam

676 2516 978 2596 uideri,
1041 2535 1227 2603 quam
1287 2533 1644 2601 corpoream
1705 2534 1840 2582 esse
1895 2515 2194 2584 decernis.
2268 2514 2337 2582 si‘
2380 2516 2581 2583 adhuc
2648 2518 2950 2583 creatura

679 2621 947 2685 materia
990 2621 1108 2699 est,
1154 2621 1433 2685 nondum
1463 2639 1607 2703 ergo
1641 2619 1825 2686 homo
1854 2619 2165 2686 formatus
2199 2621 2315 2699 est,
2348 2621 2497 2704 quia
2528 2621 2763 2687 dicitur
2794 2622 2947 2687 deo:

681 2726 812 2806 qui
856 2724 1157 2789 creasti
1203 2723 1599 2789 hominem
1644 2741 1730 2788 ex
1773 2723 2119 2788 materia
2168 2723 2521 2790 informi.
2594 2723 2949 2789 formarum

679 2829 892 2892 autem
934 2825 1067 2892 siue
1107 2825 1321 2892 minus
1363 2827 1495 2892 siue
1539 2827 1809 2911 amplius
1860 2845 1973 2909 pro
2004 2826 2310 2910 qualitate
2340 2826 2445 2891 uel
2473 2845 2701 2911 genere
2735 2827 2948 2910 speci·
2965 2847 3010 2886 ιο

682 2949 929 2996 osarum
974 2931 1198 3013 plenus
1242 2931 1340 2996 est
1381 2932 1673 3011 mundae,
1748 2930 2017 3000 materia
2072 2947 2219 2996 uero
2265 2931 2545 2997 informis
2591 2931 2689 2996 est
2753 2949 2949 2996 mun-

680 3033 917 3118 dusque
952 3034 1280 3117 formatus,
1331 3052 1455 3101 non
1498 3039 1593 3101 est
1635 3053 1781 3120 ergo
1828 3035 2113 3100 creatura
2155 3036 2443 3100 materia.
2494 3115 2501 3120 ὁ

889 3237 915 3291 1
961 3237 1083 3306 Sap.
1117 3237 1170 3302 5,
1204 3237 1240 3290 6
1446 3237 1514 3292 16
1547 3237 1615 3291 cf.
1651 3253 1774 3306 pag.
1809 3238 1859 3303 9,
1894 3238 1931 3293 5
2159 3239 2225 3293 19
2262 3246 2384 3308 sap.
2423 3239 2505 3306 11,
2544 3239 2611 3294 18

787 3425 816 3490 1
863 3425 1122 3494 loquitur]
1171 3423 1348 3478 dicens
1385 3423 1516 3478 add.
1559 3427 1627 3493 2⁰²
1830 3423 1864 3478 2
1910 3425 2060 3480 ortus
2096 3427 2179 3478 est
2227 3425 2275 3481 S
2474 3425 2600 3481 istic
2635 3425 2695 3491 b,
2755 3427 2861 3480 isti
2892 3428 2953 3479 et

681 3509 954 3566 Bmhius
1157 3510 1325 3581 hunc]
1360 3513 1416 3564 et
1449 3511 1580 3567 add.
1618 3511 1892 3566 Barthius
2096 3527 2310 3580 corpore
2344 3528 2467 3566 cum
2512 3513 2590 3568 R·
2777 3513 2817 3567 3
2866 3513 2953 3566 ui·

682 3596 880 3651 derunt
929 3597 1059 3652 libri
1101 3602 1334 3666 praeter
1385 3597 1492 3654 OG
1544 3603 1597 3653 et
1651 3597 1885 3653 editores
2112 3599 2149 3652 6
2200 3602 2295 3653 aut
2348 3601 2397 3652 si
2449 3598 2645 3653 habeat
2696 3599 2813 3654 Mb

681 3699 810 3738 uera
843 3683 948 3738 125¹
1112 3684 1144 3737 7
1182 3683 1408 3751 aerium]
1445 3685 1687 3738 animum
1710 3684 1840 3739 add.
1873 3683 2149 3740 Barthius
2324 3685 2392 3738 12
2428 3686 2715 3741 lllectorem
2750 3685 2813 3742 R

684 3770 748 3824 13
784 3769 884 3823 illa
917 3785 1018 3825 om.
1053 3769 1184 3824 mro·
1209 3775 1442 3839 praeter
1485 3770 1557 3824 M
1591 3776 1644 3826 et
1680 3770 1801 3826 Sch.
2008 3774 2350 3839 praepararet
2388 3770 2441 3827 G
2464 3771 2584 3826 Βοὴ.
2796 3785 2953 3840 prae-

680 3855 852 3926 paret]
901 3858 958 3910 et
999 3871 1142 3910 nunc
1185 3855 1314 3910 add.
1361 3856 1482 3910 Βοὴ.
1691 3857 1761 3911 14
1810 3856 2067 3911 adducere
2120 3857 2234 3912 AD
2436 3859 2507 3914 15
2558 3857 2628 3912 ad
2677 3873 2781 3912 om.
2839 3857 2955 3912 AB

680 3941 912 3996 DEFR
1103 3941 1168 3996 16
1204 3943 1278 4010 et]
1315 3957 1375 3996 ac
1409 3941 1635 3998 HLRiS'
1815 3943 1879 3997 17
1914 3957 2023 4011 qua
2055 3943 2367 3998 A²BDEF
2386 3943 2539 4012 Sola,
2598 3943 2695 4012 qui
2728 3944 2812 3998 Αἱ

682 4043 985 4097 corporeum
1019 4027 1359 4083 ABDEFR
1564 4029 1632 4083 18
1667 4044 1792 4097 ergo
1828 4044 1929 4084 om.
1968 4028 2017 4084 S
2210 4031 2371 4084 homo
2408 4029 2540 4094 Mb,
2600 4045 2704 4086 om.
2738 4029 2866 4084 rell.
2900 4033 2957 4083 et

686 4111 804 4168 Βοὴ.
1000 4117 1084 4168 est
1117 4115 1191 4169 M
1199 4115 1258 4182 b,
1317 4130 1372 4170 eo
1405 4115 1522 4170 rell.
1559 4121 1613 4170 et
1648 4115 1765 4170 Βοὴ.
1975 4116 2043 4169 21
2079 4115 2307 4170 mundus
2343 4117 2438 4185 qui
2473 4117 2505 4170 b
2530 4115 2813 4171 Barthiws

624 4191 630 4197 ’
683 4198 750 4252 22
785 4199 1094 4255 formandus
1129 4202 1268 4256 comf.
1304 4201 1575 4257 Bwrthius
1782 4201 2043 4271 creatura]
2080 4201 2315 4256 formata
2340 4205 2411 4270 2⁹²
2578 4192 2582 4196 ’
