<?xml version="1.0" encoding="UTF-8"?>
<!DOCTYPE html PUBLIC "-//W3C//DTD XHTML 1.0 Transitional//EN"
    "http://www.w3.org/TR/xhtml1/DTD/xhtml1-transitional.dtd">
<html xmlns="http://www.w3.org/1999/xhtml" xml:lang="en" lang="en">
 <head>
  <title>
</title>
<meta http-equiv="Content-Type" content="text/html;charset=utf-8" />
  <meta name='ocr-system' content='tesseract 3.04.00' />
  <meta name='ocr-capabilities' content='ocr_page ocr_carea ocr_par ocr_line ocrx_word'/>
</head>
<body>
  <div class='ocr_page' id='page_1' title='image "./corpusscriptoru28wiengoog_0030.png"; bbox 0 0 3175 5050; ppageno 0'>
   <div class='ocr_carea' id='block_1_1' title="bbox 531 442 632 488">
    <p class='ocr_par' dir='ltr' id='par_1_1' title="bbox 531 442 632 488">
     <span class='ocr_line' id='line_1_1' title="bbox 531 442 632 488; baseline -0.01 0"><span class='ocrx_word' id='word_1_1' title='bbox 531 442 632 488; x_wconf 82' lang='lat' dir='ltr'><strong>XX</strong></span> 
     </span>
    </p>
   </div>
   <div class='ocr_carea' id='block_1_2' title="bbox 532 608 2797 4405">
    <p class='ocr_par' dir='ltr' id='par_1_2' title="bbox 532 608 2797 4405">
     <span class='ocr_line' id='line_1_2' title="bbox 532 608 2773 693; baseline 0.001 -19"><span class='ocrx_word' id='word_1_2' title='bbox 532 629 794 693; x_wconf 88' lang='lat' dir='ltr'><strong>quorum</strong></span> <span class='ocrx_word' id='word_1_3' title='bbox 842 610 1154 692; x_wconf 89' lang='lat' dir='ltr'><strong>scriptura</strong></span> <span class='ocrx_word' id='word_1_4' title='bbox 1211 611 1306 674; x_wconf 88' lang='lat' dir='ltr'><strong>ita</strong></span> <span class='ocrx_word' id='word_1_5' title='bbox 1353 608 1721 692; x_wconf 84' lang='lat' dir='ltr'><strong>explicanda</strong></span> <span class='ocrx_word' id='word_1_6' title='bbox 1762 613 1879 688; x_wconf 88' lang='lat' dir='ltr'><strong>est,</strong></span> <span class='ocrx_word' id='word_1_7' title='bbox 1923 613 1997 675; x_wconf 92' lang='lat' dir='ltr'><strong>ut</strong></span> <span class='ocrx_word' id='word_1_8' title='bbox 2038 612 2389 676; x_wconf 80' lang='lat' dir='ltr'><strong>statuamus</strong></span> <span class='ocrx_word' id='word_1_9' title='bbox 2432 614 2773 678; x_wconf 87' lang='lat' dir='ltr'><strong>commuui-</strong></span> 
     </span>
     <span class='ocr_line' id='line_1_3' title="bbox 533 712 2775 796; baseline 0 -16"><span class='ocrx_word' id='word_1_10' title='bbox 533 714 716 780; x_wconf 85' lang='lat' dir='ltr'><strong>candi</strong></span> <span class='ocrx_word' id='word_1_11' title='bbox 773 714 1040 778; x_wconf 87' lang='lat' dir='ltr'><strong>uerbum</strong></span> <span class='ocrx_word' id='word_1_12' title='bbox 1094 713 1386 796; x_wconf 84' lang='lat' dir='ltr'><strong>coniungi</strong></span> <span class='ocrx_word' id='word_1_13' title='bbox 1432 713 1550 778; x_wconf 89' lang='lat' dir='ltr'><strong>hoc</strong></span> <span class='ocrx_word' id='word_1_14' title='bbox 1604 712 1740 778; x_wconf 91' lang='lat' dir='ltr'><strong>loco</strong></span> <span class='ocrx_word' id='word_1_15' title='bbox 1798 733 1941 778; x_wconf 89' lang='lat' dir='ltr'><strong>cum</strong></span> <span class='ocrx_word' id='word_1_16' title='bbox 1992 713 2266 780; x_wconf 87' lang='lat' dir='ltr'><strong>ablatiuo</strong></span> <span class='ocrx_word' id='word_1_17' title='bbox 2316 715 2407 780; x_wconf 90' lang='lat' dir='ltr'><strong>rei</strong></span> <span class='ocrx_word' id='word_1_18' title='bbox 2452 719 2515 780; x_wconf 88' lang='lat' dir='ltr'><strong>et</strong></span> <span class='ocrx_word' id='word_1_19' title='bbox 2558 715 2775 780; x_wconf 89' lang='lat' dir='ltr'><strong>datiuo</strong></span> 
     </span>
     <span class='ocr_line' id='line_1_4' title="bbox 532 815 2775 899; baseline 0 -17"><span class='ocrx_word' id='word_1_20' title='bbox 532 834 828 899; x_wconf 79' lang='lat' dir='ltr'><strong>personae</strong></span> <span class='ocrx_word' id='word_1_21' title='bbox 893 817 1083 897; x_wconf 87' lang='lat' dir='ltr'><strong>atque</strong></span> <span class='ocrx_word' id='word_1_22' title='bbox 1147 815 1239 878; x_wconf 81' lang='lat' dir='ltr'><strong>ita</strong></span> <span class='ocrx_word' id='word_1_23' title='bbox 1292 818 1447 881; x_wconf 88' lang='lat' dir='ltr'><strong>duas</strong></span> <span class='ocrx_word' id='word_1_24' title='bbox 1500 815 1602 880; x_wconf 81' lang='lat' dir='ltr'><strong>hic</strong></span> <span class='ocrx_word' id='word_1_25' title='bbox 1642 815 1713 879; x_wconf 90' lang='lat' dir='ltr'><strong>in</strong></span> <span class='ocrx_word' id='word_1_26' title='bbox 1756 834 1947 880; x_wconf 88' lang='lat' dir='ltr'><strong>unam</strong></span> <span class='ocrx_word' id='word_1_27' title='bbox 2003 817 2381 883; x_wconf 86' lang='lat' dir='ltr'><strong>consociatas</strong></span> <span class='ocrx_word' id='word_1_28' title='bbox 2438 835 2568 881; x_wconf 88' lang='lat' dir='ltr'><strong>esse</strong></span> <span class='ocrx_word' id='word_1_29' title='bbox 2628 835 2775 882; x_wconf 90' lang='lat' dir='ltr'><strong>con-</strong></span> 
     </span>
     <span class='ocr_line' id='line_1_5' title="bbox 532 916 2781 1000; baseline 0.001 -17"><span class='ocrx_word' id='word_1_30' title='bbox 532 918 908 984; x_wconf 72' lang='lat' dir='ltr'><strong>structiones</strong></span> <span class='ocrx_word' id='word_1_31' title='bbox 966 916 1074 1000; x_wconf 89' lang='lat' dir='ltr'><strong>(cf.</strong></span> <span class='ocrx_word' id='word_1_32' title='bbox 1132 919 1210 982; x_wconf 92' lang='lat' dir='ltr'><strong>de</strong></span> <span class='ocrx_word' id='word_1_33' title='bbox 1267 917 1462 983; x_wconf 89' lang='lat' dir='ltr'><strong>ablat.</strong></span> <span class='ocrx_word' id='word_1_34' title='bbox 1515 918 1611 983; x_wconf 89' lang='lat' dir='ltr'><strong>rei</strong></span> <span class='ocrx_word' id='word_1_35' title='bbox 1664 918 1871 983; x_wconf 88' lang='lat' dir='ltr'><strong>Plaut.</strong></span> <span class='ocrx_word' id='word_1_36' title='bbox 1932 919 2066 982; x_wconf 89' lang='lat' dir='ltr'><strong>mil.</strong></span> <span class='ocrx_word' id='word_1_37' title='bbox 2128 919 2245 984; x_wconf 84' lang='lat'><strong>51:</strong></span> <span class='ocrx_word' id='word_1_38' title='bbox 2313 919 2781 986; x_wconf 77' lang='lat' dir='ltr'><strong><em>communicabo</em></strong></span> 
     </span>
     <span class='ocr_line' id='line_1_6' title="bbox 537 1020 2781 1104; baseline 0.001 -18"><span class='ocrx_word' id='word_1_39' title='bbox 537 1041 776 1101; x_wconf 79' lang='lat' dir='ltr'><strong>semper</strong></span> <span class='ocrx_word' id='word_1_40' title='bbox 804 1025 860 1084; x_wconf 88' lang='lat' dir='ltr'><strong>te</strong></span> <span class='ocrx_word' id='word_1_41' title='bbox 887 1039 1102 1084; x_wconf 89' lang='lat' dir='ltr'><strong>mensa</strong></span> <span class='ocrx_word' id='word_1_42' title='bbox 1129 1039 1291 1102; x_wconf 88' lang='lat' dir='ltr'><strong>mea,</strong></span> <span class='ocrx_word' id='word_1_43' title='bbox 1337 1025 1401 1085; x_wconf 88' lang='lat' dir='ltr'><strong>et</strong></span> <span class='ocrx_word' id='word_1_44' title='bbox 1445 1020 1520 1085; x_wconf 87' lang='lat' dir='ltr'><strong>de</strong></span> <span class='ocrx_word' id='word_1_45' title='bbox 1564 1022 1695 1088; x_wconf 90' lang='lat' dir='ltr'><strong>dat.</strong></span> <span class='ocrx_word' id='word_1_46' title='bbox 1739 1039 1978 1103; x_wconf 86' lang='lat' dir='ltr'><strong>person.</strong></span> <span class='ocrx_word' id='word_1_47' title='bbox 2022 1022 2317 1086; x_wconf 85' lang='lat' dir='ltr'><strong>Mamert.</strong></span> <span class='ocrx_word' id='word_1_48' title='bbox 2355 1041 2496 1104; x_wconf 89' lang='lat' dir='ltr'><strong>pan.</strong></span> <span class='ocrx_word' id='word_1_49' title='bbox 2526 1026 2781 1090; x_wconf 83' lang='lat' dir='ltr'><strong>Maxim.</strong></span> 
     </span>
     <span class='ocr_line' id='line_1_7' title="bbox 540 1122 2782 1207; baseline 0 -18"><span class='ocrx_word' id='word_1_50' title='bbox 540 1126 652 1189; x_wconf 85' lang='lat'><strong>10:</strong></span> <span class='ocrx_word' id='word_1_51' title='bbox 697 1122 820 1188; x_wconf 88' lang='lat' dir='ltr'><strong>sibi</strong></span> <span class='ocrx_word' id='word_1_52' title='bbox 849 1124 1340 1188; x_wconf 77' lang='lat' dir='ltr'><strong>communicasse</strong></span> <span class='ocrx_word' id='word_1_53' title='bbox 1367 1125 1728 1206; x_wconf 78' lang='lat' dir='ltr'><strong>reqionem).</strong></span> <span class='ocrx_word' id='word_1_54' title='bbox 1758 1161 1845 1172; x_wconf 90' lang='lat'>-</span> <span class='ocrx_word' id='word_1_55' title='bbox 1873 1125 1976 1201; x_wconf 83' lang='lat'><strong>67,</strong></span> <span class='ocrx_word' id='word_1_56' title='bbox 2021 1127 2063 1190; x_wconf 90' lang='grc'><strong>6</strong></span> <span class='ocrx_word' id='word_1_57' title='bbox 2104 1143 2284 1189; x_wconf 87' lang='lat' dir='ltr'><strong>omne</strong></span> <span class='ocrx_word' id='word_1_58' title='bbox 2312 1143 2537 1206; x_wconf 87' lang='lat' dir='ltr'><strong>corpus</strong></span> <span class='ocrx_word' id='word_1_59' title='bbox 2563 1146 2782 1207; x_wconf 86' lang='lat' dir='ltr'><strong>quam-</strong></span> 
     </span>
     <span class='ocr_line' id='line_1_8' title="bbox 537 1227 2779 1311; baseline 0 -19"><span class='ocrx_word' id='word_1_60' title='bbox 537 1227 680 1292; x_wconf 86' lang='lat' dir='ltr'><strong>libet</strong></span> <span class='ocrx_word' id='word_1_61' title='bbox 707 1227 1061 1290; x_wconf 74' lang='lat' dir='ltr'><strong>maximum</strong></span> <span class='ocrx_word' id='word_1_62' title='bbox 1091 1227 1202 1310; x_wconf 87' lang='lat' dir='ltr'><strong>(M,</strong></span> <span class='ocrx_word' id='word_1_63' title='bbox 1233 1246 1538 1308; x_wconf 73' lang='lat' dir='ltr'><strong>maynum</strong></span> <span class='ocrx_word' id='word_1_64' title='bbox 1565 1228 1730 1306; x_wconf 87' lang='lat' dir='ltr'><strong>rell.)</strong></span> <span class='ocrx_word' id='word_1_65' title='bbox 1766 1228 2105 1309; x_wconf 75' lang='lat' dir='ltr'><strong>quamlibet</strong></span> <span class='ocrx_word' id='word_1_66' title='bbox 2127 1229 2497 1293; x_wconf 85' lang='lat' dir='ltr'><strong>minimum:</strong></span> <span class='ocrx_word' id='word_1_67' title='bbox 2530 1228 2779 1311; x_wconf 90' lang='lat' dir='ltr'><strong>repudi-</strong></span> 
     </span>
     <span class='ocr_line' id='line_1_9' title="bbox 538 1329 2781 1413; baseline 0.001 -18"><span class='ocrx_word' id='word_1_68' title='bbox 538 1331 768 1396; x_wconf 90' lang='lat' dir='ltr'><strong>andum</strong></span> <span class='ocrx_word' id='word_1_69' title='bbox 799 1332 896 1394; x_wconf 85' lang='lat' dir='ltr'><strong>est</strong></span> <span class='ocrx_word' id='word_1_70' title='bbox 925 1330 1278 1393; x_wconf 76' lang='lat' dir='ltr'><strong>maximum</strong></span> <span class='ocrx_word' id='word_1_71' title='bbox 1305 1335 1370 1394; x_wconf 87' lang='lat' dir='ltr'><strong>et</strong></span> <span class='ocrx_word' id='word_1_72' title='bbox 1397 1329 1901 1396; x_wconf 88' lang='lat' dir='ltr'><strong>substituendum</strong></span> <span class='ocrx_word' id='word_1_73' title='bbox 1930 1351 2252 1413; x_wconf 73' lang='lat' dir='ltr'><strong>maynum,</strong></span> <span class='ocrx_word' id='word_1_74' title='bbox 2284 1351 2427 1396; x_wconf 89' lang='lat' dir='ltr'><strong>cum</strong></span> <span class='ocrx_word' id='word_1_75' title='bbox 2452 1332 2517 1396; x_wconf 90' lang='lat' dir='ltr'><strong>et</strong></span> <span class='ocrx_word' id='word_1_76' title='bbox 2546 1331 2615 1396; x_wconf 90' lang='lat' dir='ltr'><strong>in</strong></span> <span class='ocrx_word' id='word_1_77' title='bbox 2637 1334 2781 1398; x_wconf 84' lang='lat' dir='ltr'><strong>uni-</strong></span> 
     </span>
     <span class='ocr_line' id='line_1_10' title="bbox 535 1431 2783 1517; baseline 0.001 -19"><span class='ocrx_word' id='word_1_78' title='bbox 535 1452 787 1498; x_wconf 88' lang='lat' dir='ltr'><strong>uersum</strong></span> <span class='ocrx_word' id='word_1_79' title='bbox 828 1431 1239 1514; x_wconf 77' lang='lat' dir='ltr'><strong>posteriorum</strong></span> <span class='ocrx_word' id='word_1_80' title='bbox 1281 1435 1637 1514; x_wconf 86' lang='lat' dir='ltr'><strong>temporum</strong></span> <span class='ocrx_word' id='word_1_81' title='bbox 1666 1434 1994 1516; x_wconf 81' lang='lat' dir='ltr'><strong>scriptores</strong></span> <span class='ocrx_word' id='word_1_82' title='bbox 2024 1434 2367 1515; x_wconf 89' lang='lat' dir='ltr'><strong>positiuum</strong></span> <span class='ocrx_word' id='word_1_83' title='bbox 2396 1453 2537 1498; x_wconf 89' lang='lat' dir='ltr'><strong>cum</strong></span> <span class='ocrx_word' id='word_1_84' title='bbox 2568 1455 2783 1517; x_wconf 87' lang='lat' dir='ltr'><strong>super-</strong></span> 
     </span>
     <span class='ocr_line' id='line_1_11' title="bbox 535 1535 2781 1619; baseline 0 -17"><span class='ocrx_word' id='word_1_85' title='bbox 535 1537 730 1602; x_wconf 87' lang='lat' dir='ltr'><strong>latiuo</strong></span> <span class='ocrx_word' id='word_1_86' title='bbox 797 1535 1164 1619; x_wconf 88' lang='lat' dir='ltr'><strong>coniungere</strong></span> <span class='ocrx_word' id='word_1_87' title='bbox 1227 1536 1472 1600; x_wconf 81' lang='lat' dir='ltr'><strong>soleant</strong></span> <span class='ocrx_word' id='word_1_88' title='bbox 1531 1535 1641 1619; x_wconf 90' lang='lat' dir='ltr'><strong>(cf.</strong></span> <span class='ocrx_word' id='word_1_89' title='bbox 1700 1537 1889 1602; x_wconf 89' lang='lat' dir='ltr'><strong>indic.</strong></span> <span class='ocrx_word' id='word_1_90' title='bbox 1944 1537 2022 1601; x_wconf 87' lang='lat' dir='ltr'><strong>ad</strong></span> <span class='ocrx_word' id='word_1_91' title='bbox 2078 1536 2318 1602; x_wconf 82' lang='lat' dir='ltr'><strong>Victor.</strong></span> <span class='ocrx_word' id='word_1_92' title='bbox 2380 1538 2625 1602; x_wconf 88' lang='lat' dir='ltr'><strong>Vitens.</strong></span> <span class='ocrx_word' id='word_1_93' title='bbox 2682 1540 2781 1604; x_wconf 87' lang='lat' dir='ltr'><strong>ed.</strong></span> 
     </span>
     <span class='ocr_line' id='line_1_12' title="bbox 537 1638 2777 1723; baseline 0 -19"><span class='ocrx_word' id='word_1_94' title='bbox 537 1639 909 1722; x_wconf 86' lang='lat' dir='ltr'><strong>Petschenig</strong></span> <span class='ocrx_word' id='word_1_95' title='bbox 949 1659 998 1704; x_wconf 76' lang='lat' dir='ltr'><strong>s,</strong></span> <span class='ocrx_word' id='word_1_96' title='bbox 1041 1658 1104 1703; x_wconf 92' lang='lat' dir='ltr'><strong>u.</strong></span> <span class='ocrx_word' id='word_1_97' title='bbox 1149 1638 1627 1720; x_wconf 86' lang='lat' dir='ltr'><strong>comparationis</strong></span> <span class='ocrx_word' id='word_1_98' title='bbox 1680 1639 1929 1723; x_wconf 80' lang='lat' dir='ltr'><strong>graduS,</strong></span> <span class='ocrx_word' id='word_1_99' title='bbox 1984 1640 2112 1704; x_wconf 90' lang='lat' dir='ltr'><strong>ind.</strong></span> <span class='ocrx_word' id='word_1_100' title='bbox 2158 1641 2237 1706; x_wconf 88' lang='lat' dir='ltr'><strong>ad</strong></span> <span class='ocrx_word' id='word_1_101' title='bbox 2281 1640 2631 1706; x_wconf 83' lang='lat' dir='ltr'><strong>Arnobium</strong></span> <span class='ocrx_word' id='word_1_102' title='bbox 2681 1645 2777 1708; x_wconf 88' lang='lat' dir='ltr'><strong>ed.</strong></span> 
     </span>
     <span class='ocr_line' id='line_1_13' title="bbox 536 1741 2785 1825; baseline 0 -18"><span class='ocrx_word' id='word_1_103' title='bbox 536 1741 983 1807; x_wconf 87' lang='lat' dir='ltr'><strong>Reifferscheid</strong></span> <span class='ocrx_word' id='word_1_104' title='bbox 1039 1742 1182 1824; x_wconf 86' lang='lat' dir='ltr'><strong>eto.)</strong></span> <span class='ocrx_word' id='word_1_105' title='bbox 1237 1745 1302 1807; x_wconf 89' lang='lat' dir='ltr'><strong>et</strong></span> <span class='ocrx_word' id='word_1_106' title='bbox 1344 1743 1476 1824; x_wconf 89' lang='lat' dir='ltr'><strong>ipse</strong></span> <span class='ocrx_word' id='word_1_107' title='bbox 1521 1741 1902 1808; x_wconf 80' lang='lat' dir='ltr'><strong>Claudianus</strong></span> <span class='ocrx_word' id='word_1_108' title='bbox 1954 1743 2125 1808; x_wconf 86' lang='lat' dir='ltr'><strong>dicat</strong></span> <span class='ocrx_word' id='word_1_109' title='bbox 2191 1745 2333 1818; x_wconf 89' lang='lat'>114,</span> <span class='ocrx_word' id='word_1_110' title='bbox 2380 1744 2420 1808; x_wconf 86' lang='lat'>9</span> <span class='ocrx_word' id='word_1_111' title='bbox 2476 1744 2785 1825; x_wconf 66' lang='lat' dir='ltr'><strong>quaelibet</strong></span> 
     </span>
     <span class='ocr_line' id='line_1_14' title="bbox 537 1845 2789 1928; baseline 0.001 -17"><span class='ocrx_word' id='word_1_112' title='bbox 537 1852 744 1912; x_wconf 85' lang='lat' dir='ltr'><strong>terrae</strong></span> <span class='ocrx_word' id='word_1_113' title='bbox 798 1866 965 1928; x_wconf 79' lang='lat' dir='ltr'><strong>pars</strong></span> <span class='ocrx_word' id='word_1_114' title='bbox 1029 1866 1264 1928; x_wconf 74' lang='lat' dir='ltr'><strong>mayna</strong></span> <span class='ocrx_word' id='word_1_115' title='bbox 1307 1847 1412 1912; x_wconf 88' lang='lat' dir='ltr'><strong>uel</strong></span> <span class='ocrx_word' id='word_1_116' title='bbox 1456 1846 1751 1910; x_wconf 87' lang='lat' dir='ltr'><strong>minima.</strong></span> <span class='ocrx_word' id='word_1_117' title='bbox 1793 1881 1880 1894; x_wconf 93' lang='lat'>—</span> <span class='ocrx_word' id='word_1_118' title='bbox 1925 1846 2028 1922; x_wconf 84' lang='lat'><strong>67,</strong></span> <span class='ocrx_word' id='word_1_119' title='bbox 2077 1846 2157 1910; x_wconf 93' lang='grc'><strong>18</strong></span> <span class='ocrx_word' id='word_1_120' title='bbox 2201 1845 2352 1910; x_wconf 79' lang='lat' dir='ltr'><strong>hinc</strong></span> <span class='ocrx_word' id='word_1_121' title='bbox 2384 1851 2563 1926; x_wconf 85' lang='lat' dir='ltr'><strong>patet</strong></span> <span class='ocrx_word' id='word_1_122' title='bbox 2606 1868 2789 1913; x_wconf 88' lang='lat' dir='ltr'><strong>omne</strong></span> 
     </span>
     <span class='ocr_line' id='line_1_15' title="bbox 540 1949 2787 2031; baseline 0.001 -17"><span class='ocrx_word' id='word_1_123' title='bbox 540 1969 766 2031; x_wconf 87' lang='lat' dir='ltr'><strong>corpus</strong></span> <span class='ocrx_word' id='word_1_124' title='bbox 823 1954 1026 2013; x_wconf 88' lang='lat' dir='ltr'><strong>totum</strong></span> <span class='ocrx_word' id='word_1_125' title='bbox 1079 1949 1273 2012; x_wconf 89' lang='lat' dir='ltr'><strong>simul</strong></span> <span class='ocrx_word' id='word_1_126' title='bbox 1325 1950 1508 2030; x_wconf 77' lang='lat' dir='ltr'><strong>tanqi</strong></span> <span class='ocrx_word' id='word_1_127' title='bbox 1565 1968 1699 2012; x_wconf 87' lang='lat' dir='ltr'><strong>non</strong></span> <span class='ocrx_word' id='word_1_128' title='bbox 1741 1967 1949 2029; x_wconf 86' lang='lat' dir='ltr'><strong>posse,</strong></span> <span class='ocrx_word' id='word_1_129' title='bbox 2008 1968 2123 2014; x_wconf 86' lang='lat' dir='ltr'><strong>nec</strong></span> <span class='ocrx_word' id='word_1_130' title='bbox 2178 1969 2309 2012; x_wconf 89' lang='lat' dir='ltr'><strong>uno</strong></span> <span class='ocrx_word' id='word_1_131' title='bbox 2358 1950 2435 2012; x_wconf 92' lang='lat' dir='ltr'><strong>in</strong></span> <span class='ocrx_word' id='word_1_132' title='bbox 2490 1953 2619 2014; x_wconf 87' lang='lat' dir='ltr'><strong>loco</strong></span> <span class='ocrx_word' id='word_1_133' title='bbox 2661 1970 2787 2016; x_wconf 85' lang='lat' dir='ltr'><strong>csse</strong></span> 
     </span>
     <span class='ocr_line' id='line_1_16' title="bbox 540 2051 2789 2135; baseline 0.001 -19"><span class='ocrx_word' id='word_1_134' title='bbox 540 2051 884 2134; x_wconf 76' lang='lat' dir='ltr'><strong>quamlibet</strong></span> <span class='ocrx_word' id='word_1_135' title='bbox 926 2051 1266 2114; x_wconf 86' lang='lat' dir='ltr'><strong>minimum</strong></span> <span class='ocrx_word' id='word_1_136' title='bbox 1320 2054 1516 2114; x_wconf 90' lang='lat' dir='ltr'><strong>totum</strong></span> <span class='ocrx_word' id='word_1_137' title='bbox 1552 2069 1759 2132; x_wconf 78' lang='lat' dir='ltr'><strong>posse,</strong></span> <span class='ocrx_word' id='word_1_138' title='bbox 1804 2055 1879 2114; x_wconf 90' lang='lat' dir='ltr'><strong>ut</strong></span> <span class='ocrx_word' id='word_1_139' title='bbox 1910 2055 2081 2132; x_wconf 79' lang='lat' dir='ltr'><strong>puta</strong></span> <span class='ocrx_word' id='word_1_140' title='bbox 2118 2071 2399 2134; x_wconf 71' lang='lat' dir='ltr'><strong>yranum</strong></span> <span class='ocrx_word' id='word_1_141' title='bbox 2430 2055 2789 2135; x_wconf 86' lang='lat' dir='ltr'><strong>papaueris</strong></span> 
     </span>
     <span class='ocr_line' id='line_1_17' title="bbox 543 2154 2789 2238; baseline 0 -18"><span class='ocrx_word' id='word_1_142' title='bbox 543 2160 657 2220; x_wconf 85' lang='lat' dir='ltr'><strong>aut</strong></span> <span class='ocrx_word' id='word_1_143' title='bbox 684 2154 1028 2237; x_wconf 77' lang='lat' dir='ltr'><strong>quotalibet</strong></span> <span class='ocrx_word' id='word_1_144' title='bbox 1047 2174 1211 2238; x_wconf 85' lang='lat' dir='ltr'><strong>pars</strong></span> <span class='ocrx_word' id='word_1_145' title='bbox 1241 2155 1436 2237; x_wconf 76' lang='lat' dir='ltr'><strong>yrani</strong></span> <span class='ocrx_word' id='word_1_146' title='bbox 1463 2155 1693 2238; x_wconf 73' lang='lat' dir='ltr'><strong>ipsius,</strong></span> <span class='ocrx_word' id='word_1_147' title='bbox 1727 2157 1893 2235; x_wconf 82' lang='lat' dir='ltr'><strong>quod</strong></span> <span class='ocrx_word' id='word_1_148' title='bbox 1922 2155 2061 2219; x_wconf 88' lang='lat' dir='ltr'><strong>illic</strong></span> <span class='ocrx_word' id='word_1_149' title='bbox 2089 2175 2219 2220; x_wconf 89' lang='lat' dir='ltr'><strong>non</strong></span> <span class='ocrx_word' id='word_1_150' title='bbox 2260 2155 2443 2220; x_wconf 77' lang='lat' dir='ltr'><strong>habet</strong></span> <span class='ocrx_word' id='word_1_151' title='bbox 2468 2156 2789 2238; x_wconf 82' lang='lat' dir='ltr'><strong>inferiora</strong></span> 
     </span>
     <span class='ocr_line' id='line_1_18' title="bbox 541 2256 2793 2338; baseline 0.001 -16"><span class='ocrx_word' id='word_1_152' title='bbox 541 2278 683 2338; x_wconf 86' lang='lat' dir='ltr'><strong>sua,</strong></span> <span class='ocrx_word' id='word_1_153' title='bbox 727 2257 839 2321; x_wconf 87' lang='lat' dir='ltr'><strong>ubi</strong></span> <span class='ocrx_word' id='word_1_154' title='bbox 883 2257 1218 2338; x_wconf 74' lang='lat' dir='ltr'><strong>superiora</strong></span> <span class='ocrx_word' id='word_1_155' title='bbox 1261 2275 1374 2320; x_wconf 89' lang='lat' dir='ltr'><strong>nec</strong></span> <span class='ocrx_word' id='word_1_156' title='bbox 1417 2256 1556 2321; x_wconf 88' lang='lat' dir='ltr'><strong>illic</strong></span> <span class='ocrx_word' id='word_1_157' title='bbox 1599 2258 1844 2336; x_wconf 82' lang='lat' dir='ltr'><strong>dextra,</strong></span> <span class='ocrx_word' id='word_1_158' title='bbox 1890 2257 1999 2321; x_wconf 83' lang='lat' dir='ltr'><strong>ubi</strong></span> <span class='ocrx_word' id='word_1_159' title='bbox 2026 2259 2298 2322; x_wconf 85' lang='lat' dir='ltr'><strong>sinistra</strong></span> <span class='ocrx_word' id='word_1_160' title='bbox 2324 2277 2437 2322; x_wconf 89' lang='lat' dir='ltr'><strong>nec</strong></span> <span class='ocrx_word' id='word_1_161' title='bbox 2466 2260 2793 2324; x_wconf 77' lang='lat' dir='ltr'><strong>anteriora</strong></span> 
     </span>
     <span class='ocr_line' id='line_1_19' title="bbox 541 2361 2788 2445; baseline 0 -19"><span class='ocrx_word' id='word_1_162' title='bbox 541 2363 702 2445; x_wconf 88' lang='lat' dir='ltr'><strong>illic,</strong></span> <span class='ocrx_word' id='word_1_163' title='bbox 746 2363 857 2428; x_wconf 90' lang='lat' dir='ltr'><strong>ubi</strong></span> <span class='ocrx_word' id='word_1_164' title='bbox 883 2362 1238 2442; x_wconf 81' lang='lat' dir='ltr'><strong>posteriora</strong></span> <span class='ocrx_word' id='word_1_165' title='bbox 1265 2364 1497 2426; x_wconf 88' lang='lat' dir='ltr'><strong>certum</strong></span> <span class='ocrx_word' id='word_1_166' title='bbox 1528 2365 1617 2425; x_wconf 88' lang='lat' dir='ltr'><strong>est</strong></span> <span class='ocrx_word' id='word_1_167' title='bbox 1662 2361 1773 2445; x_wconf 87' lang='lat' dir='ltr'><strong>(M,</strong></span> <span class='ocrx_word' id='word_1_168' title='bbox 1820 2365 2054 2426; x_wconf 89' lang='lat' dir='ltr'><strong>certum</strong></span> <span class='ocrx_word' id='word_1_169' title='bbox 2084 2366 2176 2427; x_wconf 88' lang='lat' dir='ltr'><strong>est</strong></span> <span class='ocrx_word' id='word_1_170' title='bbox 2218 2381 2339 2427; x_wconf 92' lang='lat' dir='ltr'><strong>om.</strong></span> <span class='ocrx_word' id='word_1_171' title='bbox 2385 2363 2587 2444; x_wconf 89' lang='lat' dir='ltr'><strong>rell.):</strong></span> <span class='ocrx_word' id='word_1_172' title='bbox 2634 2380 2788 2445; x_wconf 87' lang='lat' dir='ltr'><strong>quae</strong></span> 
     </span>
     <span class='ocr_line' id='line_1_20' title="bbox 543 2465 2791 2551; baseline -0 -18"><span class='ocrx_word' id='word_1_173' title='bbox 543 2467 734 2533; x_wconf 85' lang='lat' dir='ltr'><strong>uerba</strong></span> <span class='ocrx_word' id='word_1_174' title='bbox 778 2468 831 2531; x_wconf 90' lang='lat' dir='ltr'><strong>si</strong></span> <span class='ocrx_word' id='word_1_175' title='bbox 862 2466 1150 2532; x_wconf 91' lang='lat' dir='ltr'><strong>omnibus</strong></span> <span class='ocrx_word' id='word_1_176' title='bbox 1186 2465 1370 2531; x_wconf 88' lang='lat' dir='ltr'><strong>libris</strong></span> <span class='ocrx_word' id='word_1_177' title='bbox 1402 2466 1817 2551; x_wconf 84' lang='lat' dir='ltr'><strong>traderentur,</strong></span> <span class='ocrx_word' id='word_1_178' title='bbox 1850 2483 1972 2531; x_wconf 88' lang='lat' dir='ltr'><strong>non</strong></span> <span class='ocrx_word' id='word_1_179' title='bbox 2004 2465 2403 2545; x_wconf 87' lang='lat' dir='ltr'><strong>offenderent,</strong></span> <span class='ocrx_word' id='word_1_180' title='bbox 2450 2485 2591 2532; x_wconf 90' lang='lat' dir='ltr'><strong>cum</strong></span> <span class='ocrx_word' id='word_1_181' title='bbox 2622 2467 2791 2549; x_wconf 80' lang='lat' dir='ltr'><strong>quod</strong></span> 
     </span>
     <span class='ocr_line' id='line_1_21' title="bbox 543 2568 2795 2653; baseline -0.001 -18"><span class='ocrx_word' id='word_1_182' title='bbox 543 2572 685 2653; x_wconf 89' lang='lat' dir='ltr'><strong>post</strong></span> <span class='ocrx_word' id='word_1_183' title='bbox 738 2574 974 2635; x_wconf 87' lang='lat' dir='ltr'><strong>certum</strong></span> <span class='ocrx_word' id='word_1_184' title='bbox 1029 2574 1120 2635; x_wconf 87' lang='lat' dir='ltr'><strong>est</strong></span> <span class='ocrx_word' id='word_1_185' title='bbox 1175 2569 1396 2634; x_wconf 89' lang='lat' dir='ltr'><strong>multis</strong></span> <span class='ocrx_word' id='word_1_186' title='bbox 1462 2571 1659 2651; x_wconf 85' lang='lat' dir='ltr'><strong>possit</strong></span> <span class='ocrx_word' id='word_1_187' title='bbox 1715 2571 2057 2635; x_wconf 88' lang='lat' dir='ltr'><strong>confirmari</strong></span> <span class='ocrx_word' id='word_1_188' title='bbox 2117 2569 2427 2652; x_wconf 77' lang='lat' dir='ltr'><strong>exemplis</strong></span> <span class='ocrx_word' id='word_1_189' title='bbox 2492 2572 2600 2635; x_wconf 88' lang='lat' dir='ltr'><strong>sed</strong></span> <span class='ocrx_word' id='word_1_190' title='bbox 2656 2568 2795 2634; x_wconf 84' lang='lat' dir='ltr'><strong>sola</strong></span> 
     </span>
     <span class='ocr_line' id='line_1_22' title="bbox 546 2671 2795 2752; baseline -0 -14"><span class='ocrx_word' id='word_1_191' title='bbox 546 2673 770 2739; x_wconf 90' lang='lat' dir='ltr'><strong>codicis</strong></span> <span class='ocrx_word' id='word_1_192' title='bbox 813 2673 884 2737; x_wconf 88' lang='grc' dir='ltr'><strong>Μ</strong></span> <span class='ocrx_word' id='word_1_193' title='bbox 925 2674 1292 2737; x_wconf 88' lang='lat' dir='ltr'><strong>auctoritate</strong></span> <span class='ocrx_word' id='word_1_194' title='bbox 1335 2691 1461 2738; x_wconf 88' lang='lat' dir='ltr'><strong>non</strong></span> <span class='ocrx_word' id='word_1_195' title='bbox 1504 2674 1888 2752; x_wconf 83' lang='lat' dir='ltr'><strong>adducimur,</strong></span> <span class='ocrx_word' id='word_1_196' title='bbox 1936 2677 2008 2739; x_wconf 89' lang='lat' dir='ltr'><strong>ut</strong></span> <span class='ocrx_word' id='word_1_197' title='bbox 2053 2672 2174 2738; x_wconf 89' lang='lat' dir='ltr'><strong>duo</strong></span> <span class='ocrx_word' id='word_1_198' title='bbox 2220 2672 2556 2739; x_wconf 88' lang='lat' dir='ltr'><strong>nouissima</strong></span> <span class='ocrx_word' id='word_1_199' title='bbox 2597 2671 2795 2737; x_wconf 87' lang='lat' dir='ltr'><strong>uerba</strong></span> 
     </span>
     <span class='ocr_line' id='line_1_23' title="bbox 545 2774 2789 2858; baseline -0.001 -17"><span class='ocrx_word' id='word_1_200' title='bbox 545 2779 778 2841; x_wconf 88' lang='lat' dir='ltr'><strong>certum</strong></span> <span class='ocrx_word' id='word_1_201' title='bbox 833 2779 927 2841; x_wconf 89' lang='lat' dir='ltr'><strong>est</strong></span> <span class='ocrx_word' id='word_1_202' title='bbox 978 2774 1382 2851; x_wconf 75' lang='lat' dir='ltr'><strong>retineamuS,</strong></span> <span class='ocrx_word' id='word_1_203' title='bbox 1443 2776 1670 2858; x_wconf 86' lang='lat' dir='ltr'><strong>quippe</strong></span> <span class='ocrx_word' id='word_1_204' title='bbox 1738 2795 1896 2858; x_wconf 87' lang='lat' dir='ltr'><strong>quae</strong></span> <span class='ocrx_word' id='word_1_205' title='bbox 1950 2775 2383 2858; x_wconf 87' lang='lat' dir='ltr'><strong>interpolatori</strong></span> <span class='ocrx_word' id='word_1_206' title='bbox 2432 2776 2789 2850; x_wconf 86' lang='lat' dir='ltr'><strong>debeantur,</strong></span> 
     </span>
     <span class='ocr_line' id='line_1_24' title="bbox 547 2880 2793 2962; baseline -0.002 -17"><span class='ocrx_word' id='word_1_207' title='bbox 547 2880 656 2962; x_wconf 87' lang='lat' dir='ltr'><strong>qui</strong></span> <span class='ocrx_word' id='word_1_208' title='bbox 697 2899 734 2944; x_wconf 89' lang='lat' dir='ltr'><strong>a</strong></span> <span class='ocrx_word' id='word_1_209' title='bbox 776 2897 926 2944; x_wconf 87' lang='lat' dir='ltr'><strong>uoce</strong></span> <span class='ocrx_word' id='word_1_210' title='bbox 967 2882 1042 2942; x_wconf 91' lang='lat' dir='ltr'><strong>ut</strong></span> <span class='ocrx_word' id='word_1_211' title='bbox 1075 2882 1244 2959; x_wconf 87' lang='lat' dir='ltr'><strong>puta</strong></span> <span class='ocrx_word' id='word_1_212' title='bbox 1279 2896 1505 2943; x_wconf 87' lang='lat' dir='ltr'><strong>nouam</strong></span> <span class='ocrx_word' id='word_1_213' title='bbox 1549 2880 1873 2960; x_wconf 90' lang='lat' dir='ltr'><strong>periodum</strong></span> <span class='ocrx_word' id='word_1_214' title='bbox 1918 2880 2189 2961; x_wconf 85' lang='lat' dir='ltr'><strong>incipere</strong></span> <span class='ocrx_word' id='word_1_215' title='bbox 2230 2880 2676 2945; x_wconf 85' lang='lat' dir='ltr'><strong>arbitrabatur.</strong></span> <span class='ocrx_word' id='word_1_216' title='bbox 2706 2914 2793 2925; x_wconf 89' lang='lat'><strong>—-</strong></span> 
     </span>
     <span class='ocr_line' id='line_1_25' title="bbox 549 2980 2789 3064; baseline 0 -19"><span class='ocrx_word' id='word_1_217' title='bbox 549 2984 650 3061; x_wconf 81' lang='lat'><strong>70,</strong></span> <span class='ocrx_word' id='word_1_218' title='bbox 699 2983 735 3046; x_wconf 80' lang='lat'>7</span> <span class='ocrx_word' id='word_1_219' title='bbox 769 2980 1222 3063; x_wconf 87' lang='lat' dir='ltr'><strong>pusillanimes</strong></span> <span class='ocrx_word' id='word_1_220' title='bbox 1285 3000 1395 3064; x_wconf 88' lang='lat' dir='ltr'><strong>pro</strong></span> <span class='ocrx_word' id='word_1_221' title='bbox 1452 2981 1917 3064; x_wconf 75' lang='lat' dir='ltr'><strong>pusillanimos</strong></span> <span class='ocrx_word' id='word_1_222' title='bbox 1984 2982 2240 3064; x_wconf 86' lang='lat' dir='ltr'><strong>scripsit</strong></span> <span class='ocrx_word' id='word_1_223' title='bbox 2295 2983 2366 3047; x_wconf 88' lang='grc' dir='ltr'><strong>Μ</strong></span> <span class='ocrx_word' id='word_1_224' title='bbox 2410 2985 2539 3047; x_wconf 88' lang='lat' dir='ltr'><strong>sine</strong></span> <span class='ocrx_word' id='word_1_225' title='bbox 2598 2981 2789 3049; x_wconf 92' lang='lat' dir='ltr'><strong>dubio</strong></span> 
     </span>
     <span class='ocr_line' id='line_1_26' title="bbox 546 3084 2791 3168; baseline 0.001 -21"><span class='ocrx_word' id='word_1_226' title='bbox 546 3088 796 3168; x_wconf 88' lang='lat' dir='ltr'><strong>propter</strong></span> <span class='ocrx_word' id='word_1_227' title='bbox 840 3103 1058 3149; x_wconf 90' lang='lat' dir='ltr'><strong>uocem</strong></span> <span class='ocrx_word' id='word_1_228' title='bbox 1103 3085 1575 3150; x_wconf 85' lang='lat' dir='ltr'><strong>antecedentem</strong></span> <span class='ocrx_word' id='word_1_229' title='bbox 1620 3086 2093 3168; x_wconf 73' lang='lat' dir='ltr'><strong>maynanimem</strong></span> <span class='ocrx_word' id='word_1_230' title='bbox 2123 3086 2187 3151; x_wconf 90' lang='lat' dir='ltr'><strong>et</strong></span> <span class='ocrx_word' id='word_1_231' title='bbox 2218 3086 2419 3151; x_wconf 85' lang='lat' dir='ltr'><strong>eidem</strong></span> <span class='ocrx_word' id='word_1_232' title='bbox 2449 3084 2791 3167; x_wconf 86' lang='lat' dir='ltr'><strong>aequabili-</strong></span> 
     </span>
     <span class='ocr_line' id='line_1_27' title="bbox 547 3187 2791 3271; baseline -0.001 -18"><span class='ocrx_word' id='word_1_233' title='bbox 547 3188 668 3253; x_wconf 90' lang='lat' dir='ltr'><strong>tati</strong></span> <span class='ocrx_word' id='word_1_234' title='bbox 725 3187 979 3253; x_wconf 88' lang='lat' dir='ltr'><strong>studens</strong></span> <span class='ocrx_word' id='word_1_235' title='bbox 1041 3190 1226 3253; x_wconf 83' lang='lat' dir='ltr'><strong>codex</strong></span> <span class='ocrx_word' id='word_1_236' title='bbox 1271 3187 1327 3252; x_wconf 79' lang='lat' dir='ltr'><strong>Gr</strong></span> <span class='ocrx_word' id='word_1_237' title='bbox 1373 3188 1616 3253; x_wconf 85' lang='lat' dir='ltr'><strong>exhibet</strong></span> <span class='ocrx_word' id='word_1_238' title='bbox 1672 3190 2155 3271; x_wconf 73' lang='lat' dir='ltr'><strong>maynanimum</strong></span> <span class='ocrx_word' id='word_1_239' title='bbox 2203 3194 2267 3252; x_wconf 85' lang='lat' dir='ltr'><strong>et</strong></span> <span class='ocrx_word' id='word_1_240' title='bbox 2312 3188 2791 3269; x_wconf 77' lang='lat' dir='ltr'><strong>pusillanimos,</strong></span> 
     </span>
     <span class='ocr_line' id='line_1_28' title="bbox 549 3291 2792 3373; baseline -0 -17"><span class='ocrx_word' id='word_1_241' title='bbox 549 3292 658 3356; x_wconf 87' lang='lat' dir='ltr'><strong>sed</strong></span> <span class='ocrx_word' id='word_1_242' title='bbox 703 3291 1025 3373; x_wconf 86' lang='lat' dir='ltr'><strong>utriusque</strong></span> <span class='ocrx_word' id='word_1_243' title='bbox 1068 3292 1299 3357; x_wconf 90' lang='lat' dir='ltr'><strong>codicis</strong></span> <span class='ocrx_word' id='word_1_244' title='bbox 1342 3291 1529 3356; x_wconf 91' lang='lat' dir='ltr'><strong>lectio</strong></span> <span class='ocrx_word' id='word_1_245' title='bbox 1561 3292 1926 3357; x_wconf 87' lang='lat' dir='ltr'><strong>documento</strong></span> <span class='ocrx_word' id='word_1_246' title='bbox 1958 3296 2055 3357; x_wconf 88' lang='lat' dir='ltr'><strong>est</strong></span> <span class='ocrx_word' id='word_1_247' title='bbox 2083 3292 2464 3373; x_wconf 87' lang='lat' dir='ltr'><strong>reliquorum</strong></span> <span class='ocrx_word' id='word_1_248' title='bbox 2487 3291 2792 3357; x_wconf 87' lang='lat' dir='ltr'><strong>librorum</strong></span> 
     </span>
     <span class='ocr_line' id='line_1_29' title="bbox 545 3382 2791 3477; baseline -0.001 -18"><span class='ocrx_word' id='word_1_249' title='bbox 545 3413 921 3459; x_wconf 87' lang='lat' dir='ltr'><strong>consensum</strong></span> <span class='ocrx_word' id='word_1_250' title='bbox 963 3382 1176 3477; x_wconf 79' lang='lat' dir='ltr'><strong>pluris</strong></span> <span class='ocrx_word' id='word_1_251' title='bbox 1206 3396 1554 3461; x_wconf 85' lang='lat' dir='ltr'><strong>faciendum</strong></span> <span class='ocrx_word' id='word_1_252' title='bbox 1598 3414 1748 3460; x_wconf 89' lang='lat' dir='ltr'><strong>esse.</strong></span> <span class='ocrx_word' id='word_1_253' title='bbox 1794 3432 1877 3443; x_wconf 93' lang='lat'><strong>—</strong></span> <span class='ocrx_word' id='word_1_254' title='bbox 1925 3398 2024 3475; x_wconf 84' lang='lat'><strong>70,</strong></span> <span class='ocrx_word' id='word_1_255' title='bbox 2072 3396 2111 3459; x_wconf 92' lang='lat'>8</span> <span class='ocrx_word' id='word_1_256' title='bbox 2156 3395 2377 3476; x_wconf 90' lang='lat' dir='ltr'><strong>scripsi</strong></span> <span class='ocrx_word' id='word_1_257' title='bbox 2420 3412 2564 3459; x_wconf 90' lang='lat' dir='ltr'><strong>cum</strong></span> <span class='ocrx_word' id='word_1_258' title='bbox 2609 3391 2791 3459; x_wconf 89' lang='lat' dir='ltr'><strong>editi—</strong></span> 
     </span>
     <span class='ocr_line' id='line_1_30' title="bbox 551 3495 2795 3582; baseline -0 -20"><span class='ocrx_word' id='word_1_259' title='bbox 551 3516 667 3563; x_wconf 87' lang='lat' dir='ltr'><strong>one</strong></span> <span class='ocrx_word' id='word_1_260' title='bbox 697 3498 973 3581; x_wconf 89' lang='lat' dir='ltr'><strong>principe</strong></span> <span class='ocrx_word' id='word_1_261' title='bbox 1002 3498 1456 3581; x_wconf 76' lang='lat' dir='ltr'><strong>maynanimus</strong></span> <span class='ocrx_word' id='word_1_262' title='bbox 1488 3497 1758 3582; x_wconf 74' lang='lat' dir='ltr'><strong>Moyses,</strong></span> <span class='ocrx_word' id='word_1_263' title='bbox 1798 3518 1933 3565; x_wconf 90' lang='lat' dir='ltr'><strong>cum</strong></span> <span class='ocrx_word' id='word_1_264' title='bbox 1967 3499 2036 3564; x_wconf 89' lang='lat' dir='ltr'>M</span> <span class='ocrx_word' id='word_1_265' title='bbox 2063 3497 2287 3581; x_wconf 71' lang='lat' dir='ltr'><strong>mayni</strong></span> <span class='ocrx_word' id='word_1_266' title='bbox 2316 3496 2574 3561; x_wconf 86' lang='lat' dir='ltr'><strong>animus</strong></span> <span class='ocrx_word' id='word_1_267' title='bbox 2604 3495 2795 3577; x_wconf 78' lang='lat' dir='ltr'><strong>Moy-</strong></span> 
     </span>
     <span class='ocr_line' id='line_1_31' title="bbox 549 3598 2792 3684; baseline -0.001 -20"><span class='ocrx_word' id='word_1_268' title='bbox 549 3618 661 3677; x_wconf 77' lang='lat' dir='ltr'><strong>ses·‚</strong></span> <span class='ocrx_word' id='word_1_269' title='bbox 706 3600 838 3665; x_wconf 90' lang='lat' dir='ltr'><strong>rell.</strong></span> <span class='ocrx_word' id='word_1_270' title='bbox 886 3620 1158 3684; x_wconf 73' lang='lat' dir='ltr'><strong>maynus</strong></span> <span class='ocrx_word' id='word_1_271' title='bbox 1202 3601 1464 3665; x_wconf 86' lang='lat' dir='ltr'><strong>animus</strong></span> <span class='ocrx_word' id='word_1_272' title='bbox 1507 3602 1729 3683; x_wconf 74' lang='lat' dir='ltr'><strong>Moysi</strong></span> <span class='ocrx_word' id='word_1_273' title='bbox 1779 3601 1907 3683; x_wconf 85' lang='lat' dir='ltr'><strong>(uel</strong></span> <span class='ocrx_word' id='word_1_274' title='bbox 1954 3601 2223 3683; x_wconf 74' lang='lat' dir='ltr'><strong>Moysei)</strong></span> <span class='ocrx_word' id='word_1_275' title='bbox 2272 3599 2628 3682; x_wconf 87' lang='lat' dir='ltr'><strong>praebeant.</strong></span> <span class='ocrx_word' id='word_1_276' title='bbox 2682 3598 2792 3663; x_wconf 88' lang='lat' dir='ltr'><strong>sed</strong></span> 
     </span>
     <span class='ocr_line' id='line_1_32' title="bbox 550 3703 2794 3788; baseline 0.001 -23"><span class='ocrx_word' id='word_1_277' title='bbox 550 3722 821 3787; x_wconf 72' lang='lat' dir='ltr'><strong>maynus</strong></span> <span class='ocrx_word' id='word_1_278' title='bbox 855 3704 1114 3768; x_wconf 86' lang='lat' dir='ltr'><strong>animus</strong></span> <span class='ocrx_word' id='word_1_279' title='bbox 1145 3704 1360 3787; x_wconf 73' lang='lat' dir='ltr'><strong>Moysi</strong></span> <span class='ocrx_word' id='word_1_280' title='bbox 1390 3705 1861 3788; x_wconf 86' lang='lat' dir='ltr'><strong>praeferendum</strong></span> <span class='ocrx_word' id='word_1_281' title='bbox 1891 3706 2024 3769; x_wconf 89' lang='lat' dir='ltr'><strong>erat</strong></span> <span class='ocrx_word' id='word_1_282' title='bbox 2058 3705 2249 3768; x_wconf 88' lang='lat' dir='ltr'><strong>etiam</strong></span> <span class='ocrx_word' id='word_1_283' title='bbox 2291 3704 2540 3786; x_wconf 87' lang='lat' dir='ltr'><strong>propter</strong></span> <span class='ocrx_word' id='word_1_284' title='bbox 2583 3703 2794 3781; x_wconf 81' lang='lat' dir='ltr'><strong>uerba,</strong></span> 
     </span>
     <span class='ocr_line' id='line_1_33' title="bbox 551 3802 2795 3889; baseline -0.002 -19"><span class='ocrx_word' id='word_1_285' title='bbox 551 3824 707 3888; x_wconf 90' lang='lat' dir='ltr'><strong>quae</strong></span> <span class='ocrx_word' id='word_1_286' title='bbox 773 3810 1147 3889; x_wconf 87' lang='lat' dir='ltr'><strong>sequuntur:</strong></span> <span class='ocrx_word' id='word_1_287' title='bbox 1202 3807 1411 3888; x_wconf 85' lang='lat' dir='ltr'><strong>parui</strong></span> <span class='ocrx_word' id='word_1_288' title='bbox 1466 3806 1676 3870; x_wconf 86' lang='lat' dir='ltr'><strong>animi</strong></span> <span class='ocrx_word' id='word_1_289' title='bbox 1720 3807 2021 3888; x_wconf 83' lang='lat' dir='ltr'><strong>populus.</strong></span> <span class='ocrx_word' id='word_1_290' title='bbox 2089 3845 2162 3855; x_wconf 92' lang='lat'>-</span> <span class='ocrx_word' id='word_1_291' title='bbox 2214 3806 2316 3880; x_wconf 83' lang='lat'><strong>70,</strong></span> <span class='ocrx_word' id='word_1_292' title='bbox 2377 3803 2454 3867; x_wconf 83' lang='lat'><strong>17</strong></span> <span class='ocrx_word' id='word_1_293' title='bbox 2512 3802 2664 3866; x_wconf 79' lang='lat' dir='ltr'><strong>hinc</strong></span> <span class='ocrx_word' id='word_1_294' title='bbox 2706 3804 2795 3866; x_wconf 89' lang='lat' dir='ltr'><strong>est</strong></span> 
     </span>
     <span class='ocr_line' id='line_1_34' title="bbox 551 3905 2795 3989; baseline -0.002 -17"><span class='ocrx_word' id='word_1_295' title='bbox 551 3909 713 3989; x_wconf 81' lang='lat' dir='ltr'><strong>quod</strong></span> <span class='ocrx_word' id='word_1_296' title='bbox 767 3910 1071 3973; x_wconf 86' lang='lat' dir='ltr'><strong>emoriens</strong></span> <span class='ocrx_word' id='word_1_297' title='bbox 1130 3929 1309 3973; x_wconf 86' lang='lat' dir='ltr'><strong>omne</strong></span> <span class='ocrx_word' id='word_1_298' title='bbox 1361 3928 1588 3989; x_wconf 85' lang='lat' dir='ltr'><strong>corpus</strong></span> <span class='ocrx_word' id='word_1_299' title='bbox 1632 3910 1989 3973; x_wconf 86' lang='lat' dir='ltr'><strong>animatum</strong></span> <span class='ocrx_word' id='word_1_300' title='bbox 2033 3927 2160 3971; x_wconf 87' lang='lat' dir='ltr'><strong>non</strong></span> <span class='ocrx_word' id='word_1_301' title='bbox 2203 3907 2443 3970; x_wconf 87' lang='lat' dir='ltr'><strong>amittit</strong></span> <span class='ocrx_word' id='word_1_302' title='bbox 2485 3905 2795 3986; x_wconf 88' lang='lat' dir='ltr'><strong>animam,</strong></span> 
     </span>
     <span class='ocr_line' id='line_1_35' title="bbox 550 4008 2797 4093; baseline -0.002 -18"><span class='ocrx_word' id='word_1_303' title='bbox 550 4011 655 4075; x_wconf 80' lang='lat' dir='ltr'><strong>sed</strong></span> <span class='ocrx_word' id='word_1_304' title='bbox 707 4011 991 4089; x_wconf 81' lang='lat' dir='ltr'><strong>dimittit,</strong></span> <span class='ocrx_word' id='word_1_305' title='bbox 1061 4008 1215 4093; x_wconf 84' lang='lat' dir='ltr'><strong>quia</strong></span> <span class='ocrx_word' id='word_1_306' title='bbox 1279 4031 1410 4074; x_wconf 86' lang='lat' dir='ltr'><strong>non</strong></span> <span class='ocrx_word' id='word_1_307' title='bbox 1463 4011 1783 4093; x_wconf 76' lang='lat' dir='ltr'><strong>eqreditur</strong></span> <span class='ocrx_word' id='word_1_308' title='bbox 1838 4011 2003 4093; x_wconf 80' lang='lat' dir='ltr'><strong>quod</strong></span> <span class='ocrx_word' id='word_1_309' title='bbox 2058 4030 2192 4075; x_wconf 87' lang='lat' dir='ltr'><strong>non</strong></span> <span class='ocrx_word' id='word_1_310' title='bbox 2245 4009 2622 4091; x_wconf 80' lang='lat' dir='ltr'><strong>includitur,</strong></span> <span class='ocrx_word' id='word_1_311' title='bbox 2684 4026 2797 4072; x_wconf 84' lang='lat' dir='ltr'><strong>nec</strong></span> 
     </span>
     <span class='ocr_line' id='line_1_36' title="bbox 552 4110 2793 4196; baseline -0.002 -18"><span class='ocrx_word' id='word_1_312' title='bbox 552 4114 872 4179; x_wconf 89' lang='lat' dir='ltr'><strong>amittitur</strong></span> <span class='ocrx_word' id='word_1_313' title='bbox 926 4116 1090 4196; x_wconf 82' lang='lat' dir='ltr'><strong>quod</strong></span> <span class='ocrx_word' id='word_1_314' title='bbox 1133 4134 1264 4179; x_wconf 89' lang='lat' dir='ltr'><strong>non</strong></span> <span class='ocrx_word' id='word_1_315' title='bbox 1319 4118 1581 4180; x_wconf 87' lang='lat' dir='ltr'><strong>tenetur.</strong></span> <span class='ocrx_word' id='word_1_316' title='bbox 1655 4114 1713 4179; x_wconf 87' lang='lat' dir='ltr'><strong>si</strong></span> <span class='ocrx_word' id='word_1_317' title='bbox 1758 4115 1926 4178; x_wconf 86' lang='lat' dir='ltr'><strong>enim</strong></span> <span class='ocrx_word' id='word_1_318' title='bbox 1970 4117 2229 4194; x_wconf 88' lang='lat' dir='ltr'><strong>tenetur,</strong></span> <span class='ocrx_word' id='word_1_319' title='bbox 2276 4131 2409 4177; x_wconf 86' lang='lat' dir='ltr'><strong>non</strong></span> <span class='ocrx_word' id='word_1_320' title='bbox 2454 4110 2793 4188; x_wconf 77' lang='lat' dir='ltr'><strong>amittitur,</strong></span> 
     </span>
     <span class='ocr_line' id='line_1_37' title="bbox 551 4214 2797 4301; baseline -0.001 -19"><span class='ocrx_word' id='word_1_321' title='bbox 551 4221 611 4282; x_wconf 93' lang='lat' dir='ltr'><strong>et</strong></span> <span class='ocrx_word' id='word_1_322' title='bbox 650 4218 708 4282; x_wconf 88' lang='lat' dir='ltr'><strong>si</strong></span> <span class='ocrx_word' id='word_1_323' title='bbox 750 4236 882 4281; x_wconf 89' lang='lat' dir='ltr'><strong>non</strong></span> <span class='ocrx_word' id='word_1_324' title='bbox 936 4217 1352 4298; x_wconf 85' lang='lat' dir='ltr'><strong>amitteretur,</strong></span> <span class='ocrx_word' id='word_1_325' title='bbox 1399 4234 1530 4279; x_wconf 87' lang='lat' dir='ltr'><strong>non</strong></span> <span class='ocrx_word' id='word_1_326' title='bbox 1576 4215 1689 4300; x_wconf 90' lang='lat' dir='ltr'><strong>(M,</strong></span> <span class='ocrx_word' id='word_1_327' title='bbox 1734 4234 1913 4281; x_wconf 89' lang='lat' dir='ltr'><strong>nemo</strong></span> <span class='ocrx_word' id='word_1_328' title='bbox 1955 4219 2123 4301; x_wconf 85' lang='lat' dir='ltr'><strong>rell.)</strong></span> <span class='ocrx_word' id='word_1_329' title='bbox 2169 4217 2550 4280; x_wconf 88' lang='lat' dir='ltr'><strong>moreretur.-</strong></span> <span class='ocrx_word' id='word_1_330' title='bbox 2602 4214 2797 4296; x_wconf 83' lang='lat' dir='ltr'><strong>pudet</strong></span> 
     </span>
     <span class='ocr_line' id='line_1_38' title="bbox 552 4316 2795 4405; baseline -0.003 -19"><span class='ocrx_word' id='word_1_331' title='bbox 552 4340 652 4386; x_wconf 91' lang='lat' dir='ltr'><strong>me</strong></span> <span class='ocrx_word' id='word_1_332' title='bbox 695 4342 828 4386; x_wconf 88' lang='lat' dir='ltr'><strong>non</strong></span> <span class='ocrx_word' id='word_1_333' title='bbox 870 4338 978 4405; x_wconf 89' lang='lat' dir='ltr'><strong>pro</strong></span> <span class='ocrx_word' id='word_1_334' title='bbox 1023 4339 1200 4384; x_wconf 85' lang='lat' dir='ltr'><strong>nemo</strong></span> <span class='ocrx_word' id='word_1_335' title='bbox 1245 4319 1582 4403; x_wconf 87' lang='lat' dir='ltr'><strong>scripsisse.</strong></span> <span class='ocrx_word' id='word_1_336' title='bbox 1654 4322 1749 4385; x_wconf 88' lang='lat' dir='ltr'><strong>est</strong></span> <span class='ocrx_word' id='word_1_337' title='bbox 1778 4321 1946 4386; x_wconf 90' lang='lat' dir='ltr'><strong>enim</strong></span> <span class='ocrx_word' id='word_1_338' title='bbox 1974 4320 2201 4384; x_wconf 87' lang='lat' dir='ltr'><strong>anima</strong></span> <span class='ocrx_word' id='word_1_339' title='bbox 2229 4318 2582 4385; x_wconf 86' lang='lat' dir='ltr'><strong>subiectum</strong></span> <span class='ocrx_word' id='word_1_340' title='bbox 2614 4316 2795 4381; x_wconf 92' lang='lat' dir='ltr'><strong>uerbi</strong></span> 
     </span>
    </p>
   </div>
   <div class='ocr_carea' id='block_1_3' title="bbox 3171 1029 3175 1619">
    <p class='ocr_par' dir='ltr' id='par_1_3' title="bbox 3171 1029 3175 1619">
     <span class='ocr_line' id='line_1_39' title="bbox 3171 1029 3175 1619; baseline 0 0"><span class='ocrx_word' id='word_1_341' title='bbox 3171 1029 3175 1619; x_wconf 95' lang='lat' dir='ltr'><strong> </strong></span> 
     </span>
    </p>
   </div>
   <div class='ocr_carea' id='block_1_4' title="bbox 3170 2143 3175 2946">
    <p class='ocr_par' dir='ltr' id='par_1_4' title="bbox 3170 2143 3175 2946">
     <span class='ocr_line' id='line_1_40' title="bbox 3170 2143 3175 2946; baseline 0 0"><span class='ocrx_word' id='word_1_342' title='bbox 3170 2143 3175 2946; x_wconf 95' lang='lat' dir='ltr'><strong> </strong></span> 
     </span>
    </p>
   </div>
  </div>
 </body>
</html>
