3175 5050
653 405 777 473 192
1425 403 1794 462 Claudiani
1830 403 2141 458 Mamerti

651 595 851 680 ipsius
925 597 1017 663 rei
1081 594 1389 677 imagines
1462 590 1858 679 <tam)quam
1925 611 2039 674 per
2106 609 2324 658 sensus
2394 593 2687 675 eorporiS,
2758 591 2927 674 quod

656 697 876 786 dirigit
918 695 1234 774 memoria,
1302 697 1370 762 in
1414 695 1670 763 auribus
1734 695 2125 773 intromittit,
2184 714 2258 762 ao
2300 695 2467 763 siout
2510 694 2925 779 loquentibus

653 801 835 868 nobis
880 799 1326 882 intellegimuS,
1381 802 1446 864 et
1491 797 1811 866 absentias
1857 817 2065 866 rerum
2112 799 2175 864 et
2217 799 2529 884 imagines
2572 799 2927 864 memoriae

653 907 950 986 retentas,
1010 920 1152 967 cum
1207 903 1504 968 uoluntas
1561 900 1777 981 fuerit,
1824 900 2197 986 cogitamus.
2275 905 2387 969 sed
2431 903 2661 987 duplex
2703 920 2928 966 rerum

655 1008 915 1071 natura:
963 1004 1028 1070 et
1072 1006 1409 1090 corporalis
1453 1005 1655 1090 igitur
1697 1008 1762 1070 et
1806 1005 2173 1088 spiritualis.
2242 1006 2443 1072 omnis
2489 1007 2718 1090 quippe
2754 1023 2932 1070 orea-
2969 1025 2991 1064 ⁵

654 1113 797 1174 turs
839 1110 948 1174 aut
993 1107 1251 1192 spiritus
1295 1110 1404 1174 aut
1447 1126 1671 1194 eorpus
1715 1109 1829 1174 est.
1900 1109 2238 1191 corporalia
2279 1109 2525 1176 scilieet
2553 1128 2667 1193 per
2696 1125 2933 1192 eorpus

649 1209 981 1290 sentimus,
1046 1211 1504 1279 intellectualia
1574 1211 1901 1278 intellectu
1972 1213 2373 1296 percipimus.
2464 1232 2609 1298 ergo
2678 1212 2937 1278 duobus

655 1315 855 1381 modis
912 1318 1218 1399 quantum
1262 1315 1329 1380 in
1374 1314 1496 1381 hae
1539 1317 1675 1381 uita
1718 1318 1902 1383 datur
1954 1316 2157 1381 omnis
2215 1317 2305 1382 rei
2360 1317 2631 1383 habetur
2675 1314 2938 1381 notitia.

651 1417 807 1500 quid
865 1419 950 1482 sit
995 1436 1160 1503 ergo,
1218 1420 1381 1502 quod
1427 1418 1658 1484 dieitur
1718 1420 1843 1485 tria
1888 1437 2020 1485 esse
2064 1438 2295 1504 genera
2338 1421 2803 1504 quaestionum,
2856 1437 2941 1484 an

651 1522 760 1598 sit,
807 1522 959 1605 quid
1002 1521 1107 1600 sit,
1154 1522 1339 1604 quale
1381 1521 1516 1588 sit?
1562 1540 1669 1588 eur
1716 1539 1948 1606 quaeso
1992 1522 2249 1605 dieitur,
2298 1543 2377 1591 an
2407 1523 2511 1603 sit,
2546 1541 2690 1588 eum
2722 1522 2942 1588 omnis
2960 1542 3005 1582 ιο

660 1625 888 1691 notitia
952 1645 1084 1692 rem
1153 1628 1484 1692 ostendens
1549 1626 2035 1710 ambiguitatem
2092 1626 2280 1693 tollat
2337 1628 2403 1693 et
2459 1626 2759 1692 dubitare
2806 1643 2945 1690 non

655 1727 872 1795 sinat?
917 1729 1023 1793 sed
1060 1747 1175 1812 ego
1220 1731 1371 1812 puto
1416 1727 1510 1794 ita
1552 1729 1831 1812 positum
1877 1747 2009 1794 esse
2039 1730 2156 1796 hoo
2184 1729 2573 1814 ambiguum,
2619 1728 2775 1812 quia
2806 1745 2945 1794 non

653 1833 868 1898 omnia
923 1833 1412 1899 substantiarum
1475 1836 1645 1913 sunt,
1706 1834 1813 1900 sed
1858 1833 2254 1917 reperiuntur
2298 1835 2524 1918 aliqua,
2570 1849 2735 1918 quae
2782 1849 2947 1914 pro·

657 1935 945 2002 bationes
1005 1955 1216 2001 earum
1276 1937 1631 2002 ostendunt.
1712 1938 1890 2002 uerbi
1945 1955 2127 2003 causa
2172 1937 2228 2002 si
2274 1937 2649 2020 requiratur,
2704 1937 2947 2000 utrum

658 2040 892 2105 bonum
960 2039 1312 2107 substantia
1377 2044 1472 2104 est
1539 2060 1617 2107 an
1684 2059 1829 2121 non,
1876 2044 2315 2123 respondemus
2382 2058 2506 2106 non
2566 2057 2703 2104 esse
2774 2038 3015 2104 sub-15

658 2144 980 2223 stantiam,
1055 2143 1163 2209 sed
1235 2142 1655 2226 priuationem
1730 2145 1905 2212 mali.
1994 2147 2158 2210 reete
2221 2145 2386 2210 enim
2463 2143 2791 2226 quaeritur
2870 2143 2949 2206 in

653 2248 1017 2330 quaestione
1072 2243 1295 2329 prima,
1353 2245 1566 2310 utrum
1622 2262 1844 2330 corpus
1891 2246 1976 2311 sit
2020 2266 2098 2311 an
2146 2246 2427 2328 spiritus,
2476 2252 2542 2312 et
2584 2247 2654 2312 in
2700 2247 2947 2312 subse-

653 2351 884 2434 quente
947 2349 1308 2434 requiritur,
1379 2350 1562 2432 quale
1632 2349 1736 2434 sit,
1807 2350 2021 2415 utrum
2088 2367 2311 2432 corpus
2370 2351 2643 2416 animale
2702 2349 2793 2415 sit
2854 2369 2948 2416 an
3150 2371 3153 2420 r

655 2455 1002 2538 spirituale,
1077 2453 1334 2538 spiritus
1409 2450 1739 2517 rationalis
1811 2470 1892 2518 an
1966 2452 2382 2519 inrationalis
2470 2456 2637 2520 reete
2728 2453 2952 2539 igitur
3150 2433 3157 2543 i

653 2559 920 2625 definita
984 2562 1132 2623 sunt
1196 2558 1324 2623 tria
1379 2575 1514 2624 esse
1571 2575 1804 2641 genera
1860 2557 2319 2639 quaestionum,
2379 2556 2455 2623 de
2511 2558 2742 2643 quibus
2796 2559 3025 2625 iamne

657 2662 815 2727 satis
882 2661 1175 2741 breuiter,
1226 2662 1299 2727 nt
1358 2660 1648 2741 arbitror,
1716 2660 2009 2726 diximus·
2084 2679 2251 2727 nune
2319 2661 2517 2727 etiam
2584 2661 2947 2727 uideamus

653 2767 812 2850 quot
854 2782 1083 2847 genera
1126 2768 1271 2830 sunt
1331 2764 1675 2849 corporum.

743 2885 1042 2968 Quamuis
1101 2887 1589 2953 innumerabiles
1648 2887 1882 2970 speeies
1948 2886 2061 2952 sub
2123 2906 2188 2951 se
2242 2885 2491 2967 habeat,
2540 2884 2669 2952 tria
2712 2888 2953 2951 tamen

731 3177 756 3230 1
797 3177 1071 3247 tamquam
1105 3176 1336 3245 scripsi,
1391 3179 1498 3244 qua
1534 3175 1626 3241 M,
1683 3190 1815 3244 quas
1851 3176 2085 3231 editores
2281 3173 2518 3243 eorporis
2553 3173 2626 3243 qd
2657 3174 2757 3239 M,
2824 3191 2961 3231 eot-

655 3280 904 3349 porisque
941 3295 987 3348 p
1193 3279 1228 3332 2
1274 3278 1527 3345 memorie
1573 3278 1667 3345 M,
1720 3293 1859 3333 corr.
1906 3278 1938 3333 b
2144 3264 2227 3333 sEt
2272 3278 2367 3345 M,
2430 3278 2509 3331 sio
2555 3276 2793 3332 editores

655 3372 832 3422 totum
879 3366 1231 3421 enuntiatum
1277 3366 1356 3419 sie
1402 3363 1848 3419 constituendum
1892 3369 2069 3419 censet
2124 3364 2249 3420 Gar.
2297 3363 2675 3418 Sehenkeliusz
2736 3379 2959 3419 nomen

655 3470 786 3523 ergo
835 3452 1010 3507 dixere
1057 3453 1278 3520 priores,
1325 3450 1465 3519 quod
1508 3466 1623 3503 rem
1670 3451 1855 3505 notam
1896 3449 2079 3505 faeiat.
2141 3449 2282 3521 quod
2317 3450 2489 3520 ipsius
2526 3451 2606 3503 rei
2640 3451 2955 3519 imagineS,

652 3556 792 3609 quas
839 3554 933 3607 per
968 3554 1154 3592 sensus
1193 3538 1425 3606 eorporis
1462 3536 1651 3607 [quod]
1688 3535 1905 3605 dirigit,
1953 3537 2208 3590 memoria
2252 3537 2309 3589 in
2346 3536 2567 3591 auribus
2603 3536 2959 3591 intromittit

658 3678 720 3715 ao
755 3662 895 3715 sieut
928 3659 1276 3729 loquentibus
1311 3658 1467 3712 nobis
1503 3657 1894 3727 intellegimus,
1931 3659 1987 3711 et
2011 3694 2027 3711 .
2045 3694 2061 3711 .
2079 3695 2095 3711 .
2112 3658 2416 3727 cogitamus
2590 3658 2625 3712 5
2658 3658 2869 3729 igitur]
2904 3625 2957 3729 ἑ

653 3765 740 3830 Μ,
794 3780 897 3819 om.
923 3762 1160 3817 editores
1331 3743 1534 3830 sp'ffa‘lis
1557 3761 1636 3815 M
1802 3746 1875 3829 (ᾗ)
1899 3760 1976 3814 Μ
2141 3761 2175 3815 6
2203 3750 2293 3815 ‘ut
2316 3762 2391 3815 M
2410 3761 2628 3830 (priore
2648 3762 2795 3831 loeo)

656 3852 692 3904 9
727 3850 856 3920 quid
878 3850 1092 3918 scripsi,
1147 3847 1289 3918 quod
1322 3848 1397 3901 M
1419 3847 1656 3903 editores
1827 3847 1902 3901 sit
1936 3848 2023 3913 M,
2075 3848 2161 3901 est
2194 3846 2563 3915 Schenkelius,
2619 3864 2700 3901 an
2735 3848 2841 3917 qui
2876 3849 2957 3904 fit

652 3970 1004 4027 scribendum
1026 3969 1056 4025 2
1244 3970 1312 4024 12
1345 3940 1383 4021 13
1424 3968 1496 4022 M
1687 3968 1753 4022 13
1789 3938 2061 4037 phac-ionis
2099 3968 2176 4022 M
2379 3968 2445 4021 16
2480 3968 2857 4058 primationem
2892 3972 2957 4038 b,

657 4074 901 4142 priuaeio
953 4074 1028 4127 M
1233 4072 1297 4126 17
1351 4070 1563 4140 questio
1612 4075 1641 4124 e
1694 4071 1767 4125 M
1968 4070 2039 4125 23
2091 4071 2426 4126 sententiam
2460 4087 2499 4126 a
2548 4073 2805 4140 quamuis
2854 4074 2957 4127 in-

653 4160 948 4227 cipientem
999 4174 1120 4213 enm
1170 4158 1421 4227 sequenti
1474 4156 1764 4211 enuntiato
1818 4157 1925 4211 tria
1976 4159 2162 4211 tamen
2207 4156 2495 4223 coniunxi,
2549 4171 2677 4211 oum
2723 4162 2957 4213 antece-

654 4244 910 4299 dentibus
943 4245 1186 4314 iunqunt
1221 4244 1473 4309 editores,
1512 4258 1646 4311 qnos
1679 4243 1731 4297 si
1763 4242 1917 4311 sequi
1950 4242 2057 4308 uis,
2093 4243 2402 4297 necessaria
2434 4246 2581 4297 certe
2616 4246 2700 4297 est
2735 4242 2957 4299 Schen-

653 4331 790 4386 Icelii
826 4330 1136 4385 emendatio
1172 4330 1408 4385 habeant
1441 4330 1737 4385 scribentis
