3175 5050
615 448 702 518 20
1388 449 1759 508 Claudiani
1784 427 2106 505 Ramex-ti

703 639 1022 708 Secundus
1077 641 1220 725 post
1255 639 1649 726 principium
1710 640 1785 706 de
1840 659 2152 720 mensura,
2198 659 2453 706 numero
2498 644 2563 706 et
2601 643 2886 724 pondere

615 752 737 810 non
801 745 997 810 otiose
1055 745 1120 809 et
1174 745 1270 809 uti
1336 745 1593 808 autumo
1652 761 1775 808 non
1840 743 2229 810 infructuose
2286 743 2601 822 dissertat,
2662 745 2772 810 ubi
2820 746 2876 810 si

618 847 900 931 cognitor
929 846 1092 912 adsit
1121 845 1420 926 intentus,
1469 847 1584 911 sub
1618 845 1993 913 adminiculo
2024 847 2283 930 pietatis
2313 867 2420 930 per
2450 847 2875 914 differentium

619 949 1044 1014 creaturarum
1099 952 1327 1034 gradus
1393 949 1471 1014 ad
1528 967 1723 1032 usque
1778 949 2147 1016 nonnullam
2210 950 2533 1015 creatricis
2571 949 2877 1016 'omnium

617 1051 924 1118 trinitatis
969 1052 1024 1120 si
1067 1071 1190 1118 non
1231 1053 1360 1118 iam
1390 1052 1763 1118 felicitatem
1794 1053 2325 1135 contemplandae,
2360 1055 2530 1118 certe
2557 1052 2877 1118 robustius
2925 1075 2955 1114 s

619 1156 955 1222 credendae
998 1156 1317 1240 perueniet
1363 1155 1749 1222 firmitatem.
1824 1156 2113 1239 posthinc
2158 1159 2330 1222 totus
2376 1174 2572 1239 usque
2616 1158 2695 1222 ad
2740 1175 2877 1222 me·

618 1263 752 1324 tam
797 1259 898 1324 sui
940 1259 1102 1324 liber
1146 1259 1417 1325 testibus
1461 1259 1685 1324 utitur.

704 1379 955 1445 Tertius
1010 1380 1468 1463 aliquantulum
1525 1382 1590 1445 in
1646 1380 1745 1444 sui
1801 1378 2143 1464 primordio
2190 1382 2689 1464 argumentatur,
2734 1381 2883 1462 post

619 1482 861 1568 saucios
907 1501 980 1548 ex
1021 1484 1282 1549 aduersa
1341 1482 1469 1549 acie
1513 1483 1801 1566 palantes
1846 1483 2222 1565 insequitur,
2272 1485 2523 1548 demum
2566 1498 2713 1548 uero
2761 1500 2880 1546 nee

548 1659 559 1667 p
619 1589 984 1669 aspernatur
1037 1605 1272 1670 pacem,
1331 1606 1444 1652 nec
1501 1587 1863 1652 conflictum
1919 1587 2149 1651 metuit
2206 1585 2593 1652 aduersantis
2653 1585 2879 1668 ignoti.
2900 1613 2955 1653 ιο

705 1707 801 1771 En
857 1707 1089 1792 legisti,
1139 1707 1562 1774 eruditissime
1609 1711 1908 1785 uirorum,
1962 1708 2125 1791 quod
2171 1706 2521 1773 lectitabist
2579 1705 2652 1771 tu
2694 1709 2882 1772 modo

617 1809 776 1874 faxis
847 1811 944 1876 uti
1019 1812 1375 1878 memineris
1449 1829 1572 1876 non
1646 1810 1879 1894 absque
1952 1829 2101 1876 cura
2162 1809 2265 1875 tui
2332 1809 2511 1894 prodi
2578 1810 2881 1893 oportere,

619 1914 782 1996 quod
836 1913 1138 1998 publicari
1196 1915 1392 1980 iubeS.
1468 1934 1663 1999 neque
1724 1933 1836 1999 ego
1896 1915 1972 1979 de
2028 1913 2266 1998 negotii
2310 1913 2602 1996 pondere,
2650 1913 2757 1978 sed
2806 1916 2883 1978 de

623 2017 884 2082 actionis
929 2017 1191 2084 leuitate
1224 2018 1671 2085 dubitauerim.
1738 2017 1995 2100 proinde
2028 2017 2360 2082 consilium
2390 2018 2572 2081 tuum
2604 2015 2883 2082 adserito

623 2122 684 2184 et
731 2118 1136 2184 defensitato:
1183 2121 1496 2202 quoniam,
1545 2122 1601 2185 si
1633 2120 1697 2186 in
1732 2121 1826 2186 his
1858 2139 2035 2185 secus
2070 2120 2332 2203 aliquid,
2365 2138 2477 2202 ego
2508 2116 2883 2200 conscripti·
2907 2141 2955 2181 1⁵

625 2223 760 2288 onis
805 2223 1230 2309 periclitabor,
1277 2224 1383 2288 sed
1427 2226 1499 2287 tu
1547 2223 1859 2291 editionis,
1934 2225 2076 2289 uale
2122 2227 2185 2288 et
2230 2224 2372 2308 uige
2408 2224 2587 2289 bonis
2619 2221 2883 2304 uiribuS,

627 2326 856 2392 ueteris
899 2330 1222 2410 reparator
1269 2326 1671 2409 eloquentiae.
2702 2328 2706 2336 '

723 2616 758 2669 2
804 2618 868 2670 ut
924 2616 1041 2672 GM
1241 2617 1505 2685 disceptat
1543 2618 1615 2686 10²
1818 2615 1932 2687 ubi]
1980 2618 2066 2671 uti
2112 2616 2366 2672 schottus
2572 2616 2655 2669 sill
2702 2614 2749 2670 δ’

619 2704 654 2757 3
706 2701 1064 2757 differentiam
1119 2704 1150 2757 b
1373 2704 1408 2757 5
1459 2702 1721 2757 felicitate
1783 2703 1963 2769 GMe,
2034 2702 2318 2757 felicitatis
2372 2702 2428 2757 R
2645 2702 2891 2755 contem·

619 2788 806 2858 plaudi
855 2788 936 2844 M
940 2789 971 2842 b
1191 2788 1444 2843 robustus
1496 2790 1552 2843 B
1782 2791 1815 2844 6
1869 2790 2121 2845 credendi
2180 2789 2295 2845 GM
2304 2789 2335 2843 b
2558 2788 2685 2857 poet
2737 2785 2893 2843 hunc

621 2873 734 2930 HS
957 2874 994 2929 8
1046 2874 1339 2943 primordia
1389 2874 1694 2931 AB²HTRS
1715 2874 1837 2930 Βοὴ.
1852 2914 1865 2941 ,
1934 2874 2243 2945 primordiis
2306 2874 2361 2931 G
2590 2873 2624 2927 9
2676 2870 2888 2927 sautius

617 2960 729 3017 Rs
925 2960 1166 3029 palentes
1211 2959 1270 3015 R
1474 2960 1541 3014 10
1565 2959 1917 3017 admi-santis
1964 2977 2063 3015 om.
2108 2961 2169 3017 G
2374 2960 2439 3014 11
2488 2956 2774 3015 lectitabas
2808 2957 2892 3024 B,

620 3044 789 3101 lectui
835 3043 991 3100 dabis
1035 3046 1179 3103 ceni.
1227 3045 1504 3101 Barthius
1710 3046 1777 3102 12
1820 3046 1952 3101 fae-is
1998 3046 2055 3101 R
2258 3044 2400 3101 faxis
2444 3044 2551 3115 uti]
2598 3043 2685 3099 fac
2718 3040 2889 3097 sicuti-

623 3130 735 3185 Mb
906 3128 1117 3199 prodire
1149 3146 1190 3199 p
1365 3130 1430 3186 13
1465 3130 1737 3200 publicare
1771 3132 1883 3187 AB
1892 3131 2139 3189 0¹DEF
2318 3130 2383 3191 15
2420 3129 2893 3199 conscriptione—-

621 3250 866 3306 editione
900 3250 932 3306 b
1138 3251 1204 3306 16
1237 3223 1612 3321 periclitassero
1646 3252 1741 3321 M,
1800 3252 2172 3322 periclitauero
2208 3252 2240 3307 b
2434 3252 2527 3306 sed
2562 3250 2719 3316 libri,
2782 3266 2895 3306 om,

625 3336 860 3393 editores
1064 3340 1190 3391 tuae
1225 3337 1450 3393 ditionis
1485 3338 1540 3394 R
1644 3400 1649 3407 ,
1744 3338 1955 3393 uiribus
1994 3338 2121 3395 GM
2129 3378 2144 3408 ,
2202 3338 2337 3392 uiris
2371 3338 2489 3396 rell.
2525 3353 2648 3393 cum
2684 3336 2797 3391 ΡΤ
2832 3342 2893 3391 et

624 3424 748 3481 Βοὴ.
953 3424 1020 3479 17
1055 3424 1410 3495 eloquentiae]
1440 3432 1707 3479 >mmm
1740 3417 2439 3494 rnonoevs·a‹1cl.CHRS
