3175 5050
646 445 771 512 170
1417 443 1789 502 Claudiani
1824 443 2142 500 Mamerti

643 635 803 700 tibia
859 633 1140 716 gutturis
1187 635 1250 698 et
1294 632 1418 698 oris
1480 650 1631 698 cauo
1676 636 1740 698 et
1792 633 2045 717 linguae
2103 620 2341 715 plectro
2400 651 2510 716 per
2561 631 2907 715 quamlibet

641 738 1039 821 corporalem,
1099 736 1175 800 ut
1237 739 1548 814 autumas,
1628 737 1904 802 animam
1962 737 2155 802 uerba
2220 736 2477 801 uocibus
2545 734 2741 813 effice,
2812 735 2909 800 hic

644 842 888 907 animae
932 857 1214 919 manum,
1261 839 1438 905 cuius
1483 839 1673 922 digiti
1712 840 2046 904 minimum
2076 839 2352 905 ambusti
2384 839 2600 904 diuitis
2628 836 2911 922 linguam

642 943 1119 1028 refrigeraturus
1186 944 1457 1010 Lazarus
1531 961 1732 1026 aquae
1790 943 2122 1028 inmergat,
2184 945 2458 1022 ostende,
2530 942 2635 1007 hic
2678 943 2755 1006 de
2804 940 2909 1006 illo

643 1050 879 1112 memet
922 1048 1100 1131 quasi
1143 1065 1427 1131 corporeo
1484 1047 1781 1115 Abrahae
1826 1048 2063 1131 gremio
2110 1047 2427 1130 corporale
2472 1044 2713 1128 aliquid
2742 1045 2909 1124 doce,
2946 1065 2969 1107 ⁵

644 1154 718 1216 ut
763 1151 826 1216 et
867 1169 980 1232 pro
1023 1149 1208 1215 mode
1253 1149 1515 1216 humani
1569 1149 1843 1232 corporis
1886 1151 1975 1216 sit
2017 1153 2358 1234 angustum
2390 1153 2457 1214 et
2486 1166 2683 1232 capax
2714 1145 2913 1227 possit

648 1269 780 1318 esse
849 1252 1217 1330 multorum,
1274 1255 1338 1319 et
1383 1252 1572 1318 chaos
1638 1252 1802 1318 illud
1866 1254 1969 1318 uel
2013 1255 2149 1318 tam
2219 1253 2533 1336 exiguum,
2583 1252 2655 1316 ut
2696 1249 2916 1315 mutua

648 1373 800 1437 quos
865 1354 1111 1421 dirimit
1174 1354 1368 1422 uerba
1431 1356 1695 1420 miscere
1741 1356 1993 1439 queant,
2064 1355 2169 1422 uel
2226 1357 2363 1421 tam
2422 1355 2804 1432 inmensum,
2850 1354 2915 1416 ut

649 1459 1020 1522 transmeari
1063 1461 1350 1539 nequeat.
1427 1456 1591 1522 illud
1635 1458 1846 1522 autem
1892 1457 1999 1522 uel
2043 1458 2389 1524 maximum
2434 1474 2683 1541 quaero,
2740 1455 2915 1521 diues

649 1559 780 1639 ille,
826 1558 933 1643 qui
970 1577 1160 1642 penes
1204 1559 1435 1624 inferos
1481 1559 1799 1643 gehennae
1844 1559 2148 1630 incendiis
2179 1561 2451 1636 aestuat,
2486 1559 2595 1642 qui
2622 1557 2918 1642 congredi
2930 1585 2975 1625 ιο

646 1661 965 1728 Abraham
1023 1679 1303 1726 sermone
1348 1663 1641 1745 quiuerit,
1688 1660 1747 1726 si
1789 1663 1929 1729 loca
1986 1661 2392 1731 beatitudinis
2445 1681 2570 1728 non
2612 1661 2917 1727 accessit?

584 1849 594 1858 ο
648 1765 756 1849 qui
813 1782 990 1847 porro
1052 1765 1376 1831 Abraham
1432 1783 1576 1831 cum
1636 1765 1835 1832 diuite
1894 1765 2365 1845 sermocinatur,
2412 1766 2468 1832 si
2508 1764 2758 1830 inferna
2803 1781 2917 1830 non

645 1869 848 1935 adiit?
903 1867 1145 1934 animas
1202 1886 1429 1950 nempe
1487 1871 1844 1935 sauctorum
1902 1870 1970 1934 in
2032 1868 2277 1936 intimis
2344 1868 2617 1952 paradisi
2667 1867 2917 1934 sedibus

647 1989 772 2037 non
832 1989 1027 2053 usque
1088 1970 1461 2053 inprobabili
1520 1973 1834 2038 sententia
1892 1972 2045 2040 dicis
2089 1973 2391 2040 habitare.
2466 1971 2727 2054 preinde
2780 1989 2919 2036 cum

648 2073 973 2139 Abraham
1017 2073 1082 2137 in
1125 2073 1412 2157 paradiso
1458 2076 1524 2140 et
1568 2075 1742 2141 diues
1786 2076 1851 2141 in
1896 2075 2139 2142 inferno
2182 2078 2291 2142 sic·
2316 2076 2603 2140 inmenso
2645 2077 2975 2157 quodamu

649 2176 1147 2243 intransmeabili
1206 2177 1284 2243 ab
1345 2177 1625 2243 inuicem
1690 2179 1997 2262 disparati
2068 2179 2218 2254 sint,
2271 2183 2344 2244 ut
2408 2179 2629 2245 itidem
2677 2180 2917 2255 mutuo,

648 2281 972 2363 tamquam
1029 2280 1189 2345 nihil
1243 2280 1514 2358 intersit,
1571 2298 1695 2347 non
1743 2281 2246 2364 contemplentur
2289 2281 2515 2360 solum,
2564 2282 2681 2347 sed
2724 2279 2919 2344 etiam

651 2383 1114 2466 conloquantur,
1187 2383 1244 2447 si
1302 2381 1458 2448 haec
1523 2383 1807 2450 localiter
1868 2384 2257 2450 aestimanda
2309 2388 2475 2469 sunt,
2544 2385 2919 2448 alterutrum

650 2484 838 2551 fateri
882 2485 1114 2569 cogeris
1145 2488 1256 2551 aut
1285 2484 1608 2553 Abraham
1641 2486 1704 2552 et
1734 2485 2001 2553 diuitem
2032 2504 2146 2553 nec
2174 2485 2619 2555 sermocinatos
2649 2485 2918 2553 inuicem

649 2606 762 2653 nec
819 2588 898 2654 ab
960 2588 1231 2654 inuicem
1291 2589 1478 2669 uisos,
1541 2594 1651 2655 aut
1710 2590 1815 2657 uel
1873 2589 2191 2655 infernum
2247 2589 2314 2656 in
2356 2589 2647 2672 paradiso
2704 2590 2817 2659 uel
2858 2588 2977 2654 in»
3083 2660 3084 2667 χ

648 2690 894 2755 inferno
939 2710 1073 2757 esse
1115 2691 1498 2774 paradisum.
3083 2676 3084 2693 ¹

1739 2892 1833 2977 X.

752 3063 892 3123 Qvo
935 3062 1130 3112 MODO
1176 3065 1654 3114 SPIRITALITER
1696 3066 1928 3116 ACCIPI
1985 3067 2138 3116 ISTA
2182 3066 2523 3128 QVAESTIO
2571 3068 2827 3117 Possrr.

741 3181 862 3248 Sed
905 3185 1195 3267 quoniam
1240 3205 1355 3251 nec
1399 3186 1759 3253 auctoritati
1804 3186 2049 3251 diuinae
2093 3187 2499 3269 peruicaciter
2545 3186 2769 3254 obsisti
2816 3204 2921 3269 po-

652 3289 782 3352 test
826 3305 942 3353 nec
971 3287 1214 3354 miseris
1247 3288 1564 3355 beatitudo
1595 3290 1859 3367 misceri,
1911 3290 2219 3374 proloquii
2274 3290 2529 3357 huiusce
2559 3291 2975 3375 perplexums

757 3574 791 3629 2
826 3575 974 3630 uocis
1011 3575 1065 3630 L
1252 3577 1287 3631 4
1321 3576 1673 3647 refrigeratus
1707 3578 1889 3633 BDF
2016 3638 2021 3643 ,
2071 3580 2104 3633 5
2140 3578 2361 3648 aliquod
2394 3578 2452 3635 R
2626 3577 2783 3633 docet
2819 3576 2922 3632 AB

654 3659 897 3726 HLRS,
959 3662 1144 3748 docere
1177 3662 1238 3717 D
1427 3665 1461 3719 8
1496 3680 1602 3734 quo
1637 3664 1871 3719 BDEF
2036 3666 2249 3720 misceri
2282 3665 2340 3721 R
2530 3664 2565 3719 9
2600 3666 2925 3719 transmeare

627 3765 726 3820 ’Μ
773 3766 940 3833 (corr.
993 3765 1058 3819 im
1109 3768 1310 3837 marg.)
1365 3767 1397 3821 b
1603 3770 1876 3838 nequeant
1926 3768 2121 3825 BGM
2170 3772 2333 3838 (corr.
2386 3769 2454 3823 in
2500 3772 2701 3840 mara.)
2754 3769 2791 3823 b

654 3851 722 3906 10
756 3851 1008 3920 estuabat
1047 3850 1102 3907 G
1275 3853 1340 3907 11
1376 3854 1540 3909 locale
1573 3856 1632 3911 R
1658 3855 1782 3910 Sch.
1968 3856 2035 3909 12
2069 3855 2201 3925 quid
2236 3855 2312 3909 Μ
2331 3854 2569 3910 editores
2582 3860 2819 3925 praeter
2843 3856 2923 3925 ρ’,

651 3953 774 3991 cum
826 3935 1003 3991 BDF
1227 3938 1350 3991 si-
1364 3938 1506 3993 adiit
1557 3956 1659 3994 om.
1710 3939 1962 3995 ΔΒΒΕι
1963 3940 2025 3996 F
2260 3940 2327 3995 14
2377 3956 2757 4011 usquequaque
2814 3940 2921 3994 edi-

651 4019 795 4079 tores
997 4022 1355 4093 inprobabilis
1408 4025 1608 4082 BH¹R
1828 4026 1894 4081 18
1945 4027 2316 4095 colloquentur
2368 4028 2425 4081 ,Β
2642 4026 2710 4081 19
2760 4024 2921 4080 faceri

651 4108 812 4174 HD,
869 4108 1040 4163 facere
1074 4109 1520 4166 ABDF¹L²PR
1701 4112 1771 4165 20
1803 4113 1961 4166 uiuos
2006 4113 2053 4169 Ο
2218 4113 2533 4181 paradisum
2568 4112 2797 4167 BHRS

652 4194 812 4249 uel-
830 4194 1139 4262 paradisum
1175 4211 1275 4251 om.
1310 4195 1478 4252 ΗΕΒ
1654 4197 1717 4251 21
1757 4198 2003 4267 paradiso
2040 4198 2096 4253 13
2277 4198 2349 4253 24
2368 4200 2525 4267 ‘quod
2561 4196 2795 4254 BDEF

651 4279 1088 4420 25rf¹1ni⁸effi⁸GG
1111 4286 1164 4337 et
1186 4282 1462 4338 Bar-thius
1650 4284 1896 4354 proloqui
1930 4286 1986 4339 Δ
2178 4284 2551 4355 proloquiique
2583 4284 2641 4341 R
2664 4284 2787 4341 Sch-

652 4383 718 4436 pe
785 4381 938 4420 exum
