3175 5050
1007 472 1096 528 De
1131 474 1321 526 statu
1357 451 1621 526 animae
1666 471 1758 525 ΙΙΙ
1795 472 1877 525 16.
2454 471 2578 538 187

1117 663 1178 727 9.
1228 663 1330 726 De
1385 679 1781 727 mensura.

397 819 564 882 Item
606 817 931 899 longitudo
977 816 1250 881 latitudo
1295 820 1359 881 et
1403 817 1674 882 altitudo
1719 816 1785 881 in
1834 833 2085 898 corpore
2117 817 2269 881 sunt
2298 819 2364 882 et
2395 817 2580 899 quid-

305 921 459 1004 quid
503 921 672 986 hisce
717 923 887 985 caret
946 937 1168 1001 corpus
1225 937 1350 983 non
1407 920 1518 997 est,
1577 918 1750 983 hisce
1810 921 2021 983 autem
2083 922 2253 984 caret
2296 919 2576 984 animus:

309 1041 534 1107 corpus
580 1025 776 1106 igitur
817 1041 942 1089 non
988 1025 1103 1089 est.

265 1251 294 1292 5
894 1229 994 1294 10.
1041 1230 1144 1293 De
1189 1229 1461 1293 dextro
1521 1231 1599 1292 et
1644 1229 2001 1294 sinistro.

397 1383 702 1448 Dextrum
762 1385 1108 1462 sinistrum,
1171 1401 1420 1449 sursum
1472 1386 1782 1468 deorsum,
1830 1387 2107 1451 anterius
2153 1389 2217 1450 et
2260 1384 2575 1468 posterius

309 1487 374 1549 in
423 1487 593 1550 omni
637 1489 782 1550 sunt
827 1504 1099 1571 corpore,
1145 1487 1213 1551 in
1257 1487 1433 1552 nulla
1475 1491 1689 1552 autem
1734 1489 1881 1554 sunt
1924 1489 2165 1554 anima:
2213 1489 2577 1572 incorporea

309 1589 506 1670 igitur
550 1590 751 1654 omnis
797 1593 894 1655 est
937 1591 1164 1656 anima.

396 1709 493 1773 En
540 1727 856 1792 quousque
894 1729 966 1775 ex
996 1711 1167 1775 omni
1197 1710 1446 1776 scilicet
1477 1711 1981 1792 disputationum
2012 1714 2366 1774 nostrarum
2395 1714 2577 1794 parte

241 1838 292 1878 10
311 1814 728 1878 contraximus
774 1813 1078 1895 quidquid
1122 1816 1254 1879 toto
1301 1832 1480 1896 opere
1526 1814 1734 1879 moliti
1778 1832 2008 1890 sumuS,
2074 1814 2362 1895 quoniam
2412 1813 2578 1895 quod

311 1917 458 1980 istic
504 1934 690 1997 quam
739 1917 1109 1982 breuissime
1155 1917 1713 1999 recapitulauimus
1772 1918 1901 1981 nisi
1956 1915 2317 1998 praemissis
2361 1918 2574 1996 dispu-

309 2019 660 2085 tationibus
717 2020 853 2084 fieri
886 2031 892 2037 ·
904 2019 1230 2102 probabile
1273 2039 1399 2085 non
1444 2020 1671 2102 quiuit‚
1720 2038 2100 2102 quamquam
2142 2018 2197 2084 si
2255 2021 2577 2100 negotium

310 2126 555 2188 tantum
621 2125 899 2190 adsertor
956 2124 1213 2189 idoneus
1281 2129 1545 2190 nanctus
1617 2126 1799 2206 esset,
1863 2143 1986 2188 non
2064 2123 2253 2188 sicuti
2326 2124 2577 2208 egomet

309 2226 682 2310 dignitatem
743 2245 967 2293 causae
1027 2227 1364 2293 admodum
1439 2228 1644 2311 inpari
1704 2228 1981 2292 oratione
2048 2227 2576 2292 dehonorauisset.

234 2351 288 2392 15
310 2347 510 2410 neque
578 2347 722 2394 uero
789 2329 922 2410 ipse
989 2331 1308 2412 aliquanto
1369 2330 1562 2394 latius
1623 2331 2043 2413 prolixiusque
2102 2329 2267 2394 hanc
2313 2331 2575 2394 eandem

310 2432 732 2512 quaestionem
777 2434 1018 2515 agitare
1062 2452 1181 2497 non
1230 2435 1425 2515 potui.
1503 2453 1724 2499 uerum
1770 2433 2016 2497 scilicet
2060 2451 2175 2514 par
2217 2433 2341 2496 fuit
2371 2434 2574 2515 quoad

311 2536 703 2601 aduersarius
732 2537 921 2601 reniti
950 2537 1157 2602 ualuit
1188 2556 1258 2601 eo
1292 2530 1484 2620 usque
1537 2537 1831 2620 proeliari
1889 2542 1998 2601 aut
2028 2537 2231 2618 quoad
2262 2538 2325 2600 in
2359 2537 2573 2621 fugam
2651 2604 2655 2609 ,

309 2638 494 2702 cessit
548 2641 798 2723 tergum
858 2640 1149 2737 praebqre
1197 2643 1259 2706 et
1301 2658 1493 2705 manu
1540 2644 1794 2723 captum
1840 2640 2153 2722 plumbeis
2198 2640 2575 2723 pugionibus

309 2758 644 2809 exarmare.
718 2744 984 2807 ulterius
1043 2762 1222 2825 porro
1283 2745 1576 2825 progredi
1638 2752 1700 2808 et
1743 2746 1808 2808 in
1854 2762 2035 2809 auras
2093 2744 2223 2808 tela
2268 2744 2464 2809 iacere
2510 2745 2575 2807 et

235 2865 293 2906 20
311 2842 446 2907 sine
507 2845 684 2909 hoste
741 2863 1020 2929 pugnare
1079 2864 1260 2911 cassa
1319 2847 1639 2911 contentio
1698 2851 1792 2912 est
1836 2848 1901 2912 et
1942 2848 2178 2912 uirium
2229 2848 2574 2927 frustratio,

309 2948 471 3029 quod
520 2948 610 3012 ita
652 2948 773 3013 erit
814 2948 1242 3033 ingloriosum,
1287 2954 1359 3015 ut
1401 2950 1871 3019 inlaboriosum.

412 3253 446 3306 2
501 3256 555 3307 et
607 3270 711 3309 om.
763 3254 1056 3309 ABDEF
1272 3256 1308 3309 5
1360 3243 1588 3310 sinixtro
1642 3256 1717 3309 M
1937 3256 1971 3311 6
2024 3255 2315 3309 sinixtrum
2368 3254 2438 3308 M

309 3357 344 3410 9
390 3357 476 3427 en]
527 3360 581 3411 et
632 3357 864 3412 BDEF
1066 3358 1132 3412 10
1183 3358 1513 3413 conteximus
1574 3359 1621 3414 G
1818 3358 1951 3428 quid
1998 3358 2045 3413 0
2246 3356 2386 3427 quod
2433 3356 2571 3425 Sola,

308 3474 444 3529 quae
479 3460 612 3514 libri
643 3468 695 3515 et
731 3462 762 3515 b
966 3462 1027 3515 11
1079 3462 1260 3531 quam]
1299 3478 1419 3516 cum
1455 3462 1537 3527 B,
1600 3478 1701 3516 om.
1737 3462 1918 3517 DEF
2118 3460 2573 3529 disputauerimus

308 3564 372 3628 ἰο2
580 3564 644 3617 13
697 3567 919 3617 tantum
971 3580 1071 3619 om.
1127 3564 1419 3619 ABDE'F
1619 3565 1843 3619 nallotus
1897 3564 1985 3629 H,
2054 3566 2247 3617 nactus
2300 3562 2581 3619 DEFLS

306 3681 546 3737 editores
752 3684 820 3737 14
866 3656 1238 3738 honerauisset
1282 3684 1331 3739 S
1494 3686 1597 3754 ,16
1644 3701 1747 3753 quo
1792 3683 1978 3749 ΑΘΒ,
2035 3684 2178 3753 quod
2212 3682 2281 3736 ad
2316 3683 2391 3738 Μ
2399 3683 2431 3737 b

301 3784 376 3839 '17
431 3787 763 3841 aduersarios
817 3786 1289 3861 ABQGIPMRb
1497 3804 1601 3857 quo
1659 3788 1713 3843 G
1738 3788 1887 3855 Sela,
1942 3802 2043 3842 om.
2096 3786 2153 3841 R
2356 3786 2414 3839 in
2468 3802 2569 3841 om.

314 3904 422 3960 06¹
629 3906 694 3961 19
747 3922 878 3960 aura
931 3907 986 3961 L
1191 3872 1426 3993 auras&
1463 3908 1532 3975 S,
1591 3908 1714 3962 auia
1770 3907 1932 3961 stella
1984 3906 2040 3962 R
2245 3905 2315 3959 20
2368 3904 2571 3959 conitio

312 4026 366 4081 G
570 4027 636 4080 21
675 4026 951 4095 inglosum
987 4027 1125 4092 Mb,
1182 4027 1480 4095 inglorium
1515 4028 1637 4081 rell.
1675 4034 1728 4081 et
1764 4026 1889 4082 Βοὴ.
2088 4029 2151 4079 ut
2185 4024 2573 4079 inlaboriosum

311 4128 382 4196 G,
442 4133 496 4183 et
533 4128 926 4183 inlaboriosum
969 4130 1038 4197 0,
1097 4133 1163 4183 ut
1197 4129 1524 4184 laboriosum
1558 4130 1676 4184 rell.
1714 4134 1767 4183 et
1802 4128 1923 4183 Βοὴ.
