3175 5050
2251 525 2507 578 112va

243 707 378 754 esse
433 706 472 752 a
525 686 852 755 Sirmondo
910 689 1120 755 codice
1163 686 1492 754 Claudiani
1536 691 1596 755 D
1640 691 2062 774 confirmatur,
2118 694 2185 760 in
2231 714 2350 779 quo
2397 696 2503 763 fol.

241 792 396 856 103⁸
439 791 608 856 idem
653 791 925 856 traditur
969 791 1077 874 (cf.
1123 809 1268 875 pag.
1313 793 1428 876 Π).
1503 793 1613 858 sed
1678 813 1878 877 neque
1933 795 2051 861 hoc
2093 813 2290 882 neque
2336 795 2503 865 Gen-

237 894 432 974 nadii‚
505 895 560 958 si
633 893 976 979 genuinum
1055 897 1168 974 est,
1235 896 1672 962 testimonium
1743 897 2030 964 sufficere
2095 899 2367 988 uidetur,
2430 905 2506 968 ut

237 997 545 1082 hymnum
589 997 775 1062 illum
805 996 1119 1064 Mamerto
1154 1000 1526 1081 tribuamus,
1574 1019 1761 1084 quem
1790 1004 1853 1068 et
1882 1005 2124 1069 ueteres
2170 1003 2504 1087 scriptores

238 1105 304 1167 et
349 1102 590 1167 codices
634 1119 849 1167 omnes
895 1101 1206 1168 Venantio
1252 1103 1600 1171 Fortunato
1646 1105 1733 1188 (Π
1764 1106 1829 1190 2)
1876 1106 2214 1173 ascribant.
2286 1108 2503 1192 itaque

238 1207 524 1272 consulto
580 1225 724 1271 eum
779 1205 1128 1287 omisimus,
1185 1209 1554 1289 praesertim
1616 1225 1756 1274 cum
1816 1210 1881 1274 in
1926 1210 2225 1276 Venantii
2272 1211 2501 1277 Fortu-

235 1311 375 1375 nati
421 1310 714 1389 editione,
760 1328 944 1392 quam
979 1311 1228 1375 curauit
1257 1310 1361 1376 Fr.
1399 1311 1521 1376 Leo
1550 1311 1619 1380 in
1646 1313 2071 1380 Monumentis
2102 1314 2499 1400 Germaniae,

236 1413 470 1496 optime
514 1415 643 1479 iam
687 1414 892 1479 exstet
940 1414 1304 1480 recensitus.

317 1535 492 1600 Haec
534 1535 694 1601 mihi
735 1537 1196 1620 praemonenda
1239 1554 1378 1603 esse
1425 1535 1834 1604 uidebantur:
1892 1536 2135 1620 reliqua
2191 1538 2262 1604 in
2304 1557 2498 1622 pecu-

234 1639 380 1706 liari
448 1641 986 1726 commentatione,
1060 1659 1248 1724 quam
1307 1641 1384 1707 de
1444 1639 1777 1708 Claudiani
1819 1641 2116 1707 Mamerti
2178 1640 2500 1709 latinitate

233 1743 593 1825 propediem
646 1743 1081 1828 publicaturus
1139 1763 1299 1828 sum,
1363 1745 1705 1829 expediam.
1778 1746 1888 1811 sed
1934 1748 2273 1828 antequam
2315 1763 2497 1828 prae-

230 1846 410 1912 fandi
472 1846 662 1912 finem
727 1847 971 1926 faciam,
1037 1866 1182 1913 cum
1245 1867 1490 1914 summa
1560 1849 1729 1932 grati
1794 1848 1987 1915 animi
2058 1848 2498 1914 testificatione

233 1950 652 2016 nominandus
692 1954 786 2016 est
817 1950 1169 2017 Guilelmus
1214 1952 1665 2031 Hartelius‚
1709 1953 1810 2018 uir
1855 1952 2257 2020 doctissimus
2302 1951 2495 2016 mihi-

233 2073 353 2136 que
395 2057 610 2138 gratae
652 2054 1001 2121 uoluntatis
1046 2055 1293 2121 uinculo
1339 2056 1904 2141 coniunctissimus,
1951 2057 2058 2137 qui
2103 2056 2313 2121 studia
2356 2073 2497 2120 mea

229 2157 301 2221 in
344 2157 460 2221 hac
504 2156 772 2223 editione
816 2158 1090 2242 paranda
1134 2158 1441 2224 collocata
1471 2160 1728 2225 consilio
1759 2161 1825 2226 et
1854 2157 2135 2244 exemplo
2166 2159 2499 2225 subleuare

230 2277 353 2324 non
420 2259 664 2326 destitit
719 2264 783 2326 et
835 2279 961 2326 non
1018 2261 1220 2328 solum
1278 2263 1580 2345 quidquid
1645 2263 1790 2328 usui
1844 2262 2003 2328 mihi
2060 2280 2195 2328 esse
2251 2264 2499 2344 poterat

230 2363 561 2428 undeunde
606 2365 917 2447 congessit
961 2368 1026 2428 et
1069 2363 1378 2430 librorum
1417 2365 1989 2447 manuscriptorum
2020 2364 2265 2447 copiam
2294 2364 2493 2429 inter-

227 2464 486 2533 cedente
559 2485 713 2533 caes.
791 2466 1107 2534 academia
1174 2467 1638 2535 Vindobonensi
1723 2467 2001 2535 officiose
2086 2467 2245 2534 mihi
2318 2466 2493 2545 fecit,

225 2590 452 2635 uerum
497 2571 688 2637 etiam
733 2572 968 2637 multas
1015 2576 1078 2637 et
1124 2571 1404 2657 egregias
1451 2573 1913 2637 emendationes
1956 2570 2303 2638 liberaliter
2333 2568 2494 2635 mihi

225 2673 672 2755 suppeditauit.

313 2810 714 2879 Vindobonae
757 2831 841 2878 m.
889 2810 1223 2911 Decembri
1265 2830 1320 2878 a.
1370 2812 1554 2879 1884.

1699 3036 1775 3105 Α.
1822 3034 1892 3106 Β.
1941 3034 2402 3122 Enuelbrechi.
