3175 5050
701 421 828 489 176
1467 420 1834 476 Claudiani
1868 420 2185 476 Mamerti

693 609 852 676 uitio
917 611 1315 693 progenitum
1374 611 1486 675 ant
1549 610 1752 676 latere
1810 615 1993 676 tenus
2050 610 2469 692 adstrepnerit
2527 614 2639 674 aut
2698 608 2923 672 obuium

693 733 830 781 sese
875 713 1134 794 dederit,
1178 716 1320 781 Iesu
1364 715 1615 819 praeuio
1662 720 1725 780 et
1769 716 2055 782 adiutore
2098 714 2379 780 feriatur.

1742 985 1908 1070 ΧΠ.

693 1175 965 1225 CONTRA
1009 1174 1135 1224 Eos
1182 1177 1301 1238 QVI
1343 1177 1636 1228 mcvm':
1694 1179 1917 1226 ANIMA
1969 1177 2101 1226 SIBI
2144 1175 2584 1226 INCORPOBEA
2629 1179 2772 1242 EST,
2816 1178 2926 1225 Duo

1631 1279 2009 1329 CORPOREA.
2954 1289 2971 1326 ε

776 1417 896 1486 Sed
941 1437 1020 1483 en
1065 1418 1593 1500 aliquorumpiam
1650 1421 1755 1501 qui
1812 1418 2191 1486 interimunt
2242 1419 2485 1486 animas
2530 1418 2925 1500 garrientibus

655 1524 874 1606 §nugis
941 1523 1056 1588 etsi
1098 1541 1222 1588 non
1266 1523 1557 1588 sistimur
1600 1522 1681 1588 ab
1727 1524 1969 1602 itinere,
2030 1523 2349 1590 lentamur
2392 1524 2631 1588 tamen.
2706 1522 2815 1588 sed
2852 1521 2925 1584 in-

689 1637 936 1692 sumere
978 1626 1328 1709 pauxillum
1371 1628 1675 1711 temporis
1717 1627 2167 1694 intertrimenti
2208 1625 2369 1693 nihil
2412 1629 2526 1710 est,
2579 1629 2737 1710 quin
2782 1643 2927 1707 porro

687 1727 885 1804 iuuat,
953 1730 1133 1796 modo
1199 1728 1347 1812 quid
1417 1731 1746 1796 obuersum
1814 1748 1960 1796 uero
2028 1730 2260 1814 quidue
2335 1731 2661 1796 diuersum
2741 1727 2927 1793 eadem

688 1832 924 1896 ueritas
968 1833 1080 1898 aut
1124 1833 1398 1916 depellat
1439 1835 1551 1896 ant
1609 1837 1909 1915 proterat.
1986 1835 2053 1900 et
2096 1852 2242 1898 cum
2287 1834 2470 1899 audio
2516 1833 2729 1898 dicere
2772 1849 2971 1914 quos-10

688 1934 860 2016 piam
907 1934 1014 2017 qui
1061 1937 1124 2000 et
1169 1953 1489 2018 corporeas
1536 1955 1670 2002 esse
1714 1939 1938 2003 uolunt
1974 1938 2221 2002 animas
2268 1941 2329 2002 et
2375 1938 2630 2005 easdem
2667 1937 2924 2017 incorpo-

688 2055 824 2102 reas
890 2055 1120 2120 negare
1167 2055 1288 2104 non
1347 2043 1629 2121 possunt,
1689 2039 1865 2106 aliud
1908 2039 2079 2122 ipsas
2125 2041 2363 2106 animas
2406 2041 2549 2118 sibi,
2598 2039 2775 2106 aliud
2818 2055 2925 2102 esse

685 2141 982 2206 creatori:
1029 2142 1164 2225 deo,
1210 2143 1523 2225 inquiunt,
1569 2143 1819 2208 animae
1865 2162 2191 2228 corporeae
2235 2147 2402 2221 sunt,
2448 2163 2673 2210 nerum
2706 2142 2925 2208 sibimet

685 2243 1096 2326 incorporeae,
1150 2246 1312 2329 quod
1357 2246 1450 2311 ita
1495 2252 1587 2312 est
1631 2265 1703 2312 ae
1745 2247 1801 2313 si
1852 2247 2067 2314 dicant
2094 2250 2337 2315 animas
2368 2251 2433 2312 et
2464 2265 2793 2329 corporeas
2820 2263 2923 2310 esse

688 2351 752 2412 et
809 2349 1216 2432 incorporeae,
1293 2351 1733 2418 aeternitatem
1788 2369 1969 2435 porro
2026 2356 2239 2429 testor,
2310 2352 2476 2435 quod
2526 2369 2597 2416 eo
2656 2348 2971 2414 mihimetu·

688 2450 858 2517 hisce
899 2451 1189 2519 inanibus
1233 2453 1602 2537 respondere
1652 2455 1990 2520 admodum
2034 2456 2235 2520 labori
2262 2459 2380 2535 est,
2438 2455 2590 2538 quia
2619 2453 2783 2518 nihil
2811 2452 2927 2516 istic

688 2556 944 2640 quicum
990 2558 1367 2641 congrediar,
1414 2558 1576 2623 nihil
1621 2562 1784 2642 quod
1829 2559 2199 2625 medullitus
2232 2578 2469 2638 eruam,
2506 2557 2668 2623 nihil
2701 2558 2923 2640 quicum

688 2659 1022 2724 certauisse
1077 2661 1393 2737 exercitio,
1452 2661 1616 2727 nihil
1668 2662 1945 2745 profecto
1990 2667 2087 2727 est
2146 2666 2308 2745 quod
2354 2661 2577 2727 uicisse
2644 2658 2923 2726 uictoriae

685 2762 790 2829 sit.
865 2781 1009 2846 ergo
1075 2764 1130 2829 si
1171 2765 1383 2831 anima
1450 2783 1744 2847 corporea
1808 2763 2071 2831 creatori
2117 2766 2181 2831 et
2222 2767 2587 2849 incorporea
2650 2764 2778 2829 sibi
2828 2768 2922 2831 est,

791 2965 822 3018 1
866 2965 1086 3020 lateren'
1133 2966 1180 3021 S
1381 2967 1741 3037 adstrepuerit
1786 2964 1935 3034 Em,
1992 2970 2318 3039 asti-spuerit
2358 2969 2534 3035 G‘LT,
2596 2965 2927 3036 adstripuerit

685 3049 774 3112 M,
828 3051 1145 3148 astripuerit
1188 3052 1286 3116 OS,
1340 3053 1653 3123 ariripueris
1688 3056 1759 3119 A,
1813 3056 2129 3124 astripueris
2163 3055 2381 3121 BER,
2444 3055 2803 3121 obstrepuerit
2832 3050 2926 3106 DP

686 3152 809 3208 Βοὴ.
827 3194 839 3218 ,
901 3158 1223 3226 ostrepuerit
1256 3156 1318 3211 F
1517 3157 1737 3212 olluium
1770 3161 1826 3212 A
1839 3197 1853 3224 ,
1911 3157 2125 3213 obuiam
2170 3159 2223 3213 G
2428 3158 2464 3211 2
2510 3156 2667 3211 hiesu
2717 3156 2818 3213 RS

683 3240 720 3293 4
755 3241 830 3295 ad
860 3241 960 3297 hoc
994 3244 1298 3311 capitulum
1327 3244 1394 3298 in
1427 3245 1502 3299 M
1533 3245 1717 3300 denuo
1752 3261 2016 3299 numerus
2040 3246 2145 3300 XI
2160 3262 2271 3315 per
2294 3260 2533 3299 errorem
2560 3249 2827 3299 exaratus
2850 3246 2925 3303 est,

683 3329 780 3396 qui
816 3344 968 3384 error
1004 3330 1169 3383 etiam
1196 3345 1304 3399 per
1337 3331 1681 3399 sequentium
1714 3331 2081 3399 capitulorum
2114 3346 2370 3386 numeros
2404 3336 2597 3384 manat
2794 3330 2825 3383 6
2856 3327 2921 3394 en]
3043 3318 3044 3323 ’

682 3413 741 3467 in
777 3416 918 3469 comi.
952 3415 1246 3471 Hanelius
1449 3415 1825 3484 aliorumpiam
1859 3416 2136 3471 Barthiue
2329 3417 2722 3484 interemptum
2761 3414 2812 3469 G

683 3500 996 3569 gerentibus
1031 3502 1087 3559 R
1275 3502 1310 3555 8
1344 3502 1642 3570 pauxillum
1681 3501 1821 3570 Mb,
1881 3501 2141 3570 paxillum
2176 3502 2259 3566 Ε,
2317 3501 2614 3571 pausillum
2646 3501 2790 3565 rell,
2846 3514 2923 3568 pu-

683 3586 868 3641 sillum
921 3586 1044 3645 Sel».
1260 3588 1658 3642 intertrementi
1709 3586 2109 3643 AGHLMRS
2115 3588 2147 3642 b
2353 3588 2448 3655 qui
2502 3586 2560 3641 in
2614 3584 2815 3641 BH¹R

682 3673 717 3727 9
753 3674 844 3742 qui
881 3675 992 3729 BL
1197 3675 1266 3730 10
1297 3676 1436 3745 cnm]
1474 3676 1582 3728 iam
1617 3674 1892 3729 Barthius
2098 3673 2601 3741 interpunctionem
2626 3672 2845 3741 periodi
2870 3669 2923 3722 ab

681 3763 738 3814 et
774 3777 893 3816 cnm
929 3760 1089 3816 audio
1133 3762 1454 3831 incipientis
1497 3762 1562 3815 in
1605 3761 1761 3815 libris
1804 3765 1859 3815 et
1906 3760 2236 3815 editionibus
2274 3760 2511 3829 pessime
2551 3758 2830 3813 turbatam
2858 3755 2921 3807 ita

681 3848 900 3901 correxi
913 3889 926 3914 ,
971 3853 1036 3901 ut
1079 3849 1262 3902 uerbis
1308 3848 1524 3903 demum
1569 3848 1667 3901 lin.
1704 3850 1780 3901 18
1824 3846 2079 3901 uictoriae
2122 3846 2197 3899 sit
2234 3844 2533 3915 periodum
2574 3845 2733 3913 finiri
2772 3847 2919 3897 statu·

682 3949 824 3987 erem
1031 3933 1100 3987 13
1135 3934 1224 3988 dm
1258 3933 1313 3989 R
1520 3933 1587 3989 14
1622 3949 1727 4003 quo
1761 3933 1817 3988 Β
2024 3933 2097 4002 et]
2134 3948 2248 3985 esse
2278 3931 2343 3985 D
2550 3946 2663 3985 esse
2700 3946 2799 3985 om.
2832 3926 2919 3980 AB

682 4018 801 4074 DF
1004 4019 1071 4073 16
1104 4019 1305 4073 laboris
1339 4019 1452 4074 Mb
1650 4020 1793 4089 istie]
1831 4020 1916 4073 est
1951 4017 2083 4073 add.
2118 4016 2231 4071 Mb
2442 4014 2507 4070 17
2542 4031 2663 4071 cum
2698 4031 2799 4084 quo
2831 4011 2919 4066 Mb

682 4104 841 4174 nihil]
883 4105 966 4158 est
1000 4104 1129 4159 add.
1177 4104 1290 4159 Mb
1495 4120 1719 4173 quocum
1765 4104 1874 4159 Mb
1888 4144 1902 4171 ,
1961 4104 2281 4173 quicumque
2326 4102 2385 4158 R
2593 4102 2659 4156 18
2700 4097 2921 4155 exertitio

681 4189 849 4243 ABL
863 4231 876 4256 ,
941 4190 1190 4245 exerticio
1228 4190 1300 4259 F,
1373 4192 1627 4245 exercicio
1666 4190 1746 4256 G,
1815 4189 2123 4244 exercitacio
2158 4190 2272 4244 Mb
2285 4230 2298 4255 ,
2371 4186 2618 4242 exercitis
2654 4188 2919 4255 ‘scriptura

677 4278 854 4331 uetue’
890 4274 1008 4331 Sel».
1199 4277 1265 4331 19
1301 4278 1350 4330 si
1384 4293 1485 4333 om.
1518 4277 1649 4333 libri
1673 4281 1917 4353 praetcr-
1934 4276 2009 4330 M
2026 4280 2077 4331 et
2103 4275 2227 4330 Βοὴ.
2417 4274 2676 4330 creatoris
2709 4271 2811 4327 RS

676 4367 761 4416 est
794 4376 893 4415 om.
928 4361 1213 4417 ABDFR
1238 4360 1356 4416 Sch.
