3175 5050
717 393 840 460 146
1476 390 1847 446 Claudiani
1883 390 2205 445 Mamerti

713 582 924 648 autem
964 580 1295 659 subicitur,
1347 580 1509 664 quod
1554 584 1759 647 terrae
1805 598 2024 663 corpus
2060 580 2356 646 nnumin
2386 579 2706 662 scripturis
2738 579 2946 646 dicitur

715 684 883 753 orbis
953 702 1089 750 esse
1154 684 1481 749 terrarum.
1559 685 1653 749 ita
1695 683 1893 768 igitur
1936 683 2145 750 forsan
2203 683 2492 750 dicantur
2548 683 2705 749 caeli
2762 686 2945 762 multi,

716 807 860 854 cum
917 786 1038 853 duo
1096 786 1244 872 sint,
1303 788 1464 852 sicut
1520 787 1725 853 terrae
1783 788 2081 853 dicuntur
2136 805 2286 872 esse,
2345 805 2491 852 cum
2549 805 2672 852 una
2714 787 2817 851 sit.
2885 788 2949 852 ad

715 894 878 976 quod
923 908 1071 974 ergo
1117 890 1381 955 tertium
1425 890 1671 955 caelum
1723 891 1943 972 raptus
1989 891 2085 956 est
2125 889 2407 957 Paulus?
2451 889 2548 955 eia
2590 908 2757 956 nunc
2796 891 2950 954 sodes

716 995 1006 1080 egredere
1051 997 1114 1059 et
1160 994 1614 1060 elementorum
1675 993 1949 1059 molibus
1994 993 2266 1058 excussis
2322 994 2719 1076 trutinaeque
2761 991 2994 1058 iudiciis

721 1120 785 1164 [τι]
797 1117 1044 1180 rporum
1089 1097 1462 1181 ponderibus
1505 1097 1792 1178 inpositis
1840 1097 2119 1179 adpende
2163 1098 2499 1163 mundum:
2541 1096 2819 1180 quipiam
2846 1095 2948 1160 for-

721 1208 881 1264 tusse
939 1200 1092 1267 caeli
1154 1199 1336 1265 nobis
1403 1199 1732 1265 undeunde
1805 1199 2154 1281 prosilient.
2230 1200 2341 1266 aut
2399 1201 2456 1265 si
2497 1219 2660 1267 unus
2702 1198 2949 1264 mundus

721 1308 922 1384 plures
965 1321 1149 1386 porro
1191 1321 1316 1368 non
1358 1301 1546 1367 habet
1593 1302 1810 1381 caeloS‚
1868 1302 2108 1385 aliquos
2152 1303 2274 1369 tibi
2319 1321 2463 1370 cum
2491 1304 2760 1386 Epicuro
2792 1321 2948 1367 mun-

717 1412 825 1472 dos
887 1409 1239 1474 atomorum
1293 1407 1541 1472 minuta
1605 1404 1983 1490 parturiant,
2036 1410 2107 1471 ut
2151 1408 2412 1473 tertium
2455 1409 2699 1474 caelum
2745 1407 2949 1472 Paulus

721 1511 1017 1576 inueniat.
1097 1512 1204 1576 sed
1250 1510 1398 1592 quid
1443 1510 1525 1575 ad
1555 1509 2018 1576 beatitudinem
2047 1512 2304 1593 spectat,
2335 1512 2409 1576 ut
2438 1511 2513 1576 de
2543 1528 2665 1577 uno
2695 1527 2949 1591 corporeo
2962 1530 2994 1568 ιο

721 1616 797 1680 ad
869 1613 1038 1680 aliud
1105 1616 1216 1678 aut
1280 1613 1357 1678 ab
1403 1613 1520 1678 hoc
1564 1615 1644 1679 ad
1701 1614 1965 1679 tertium
2021 1631 2213 1698 aeque
2273 1631 2635 1696 corporeum
2699 1615 2951 1696 quisquis

721 1717 1027 1798 ascendat,
1075 1734 1221 1783 cum
1263 1734 1388 1782 non
1431 1714 1499 1780 id
1543 1715 1629 1781 sit
1673 1716 1901 1782 merito
1946 1717 2209 1796 beatius,
2249 1719 2411 1798 quod
2440 1717 2575 1783 loco
2602 1716 2951 1784 sublimius?

721 1821 995 1905 alioquin
1051 1822 1274 1886 cedent
1332 1818 1599 1886 aniculis
1657 1819 1958 1899 homine8‚
2006 1820 2196 1905 atque
2238 1821 2317 1886 ad
2376 1820 2818 1885 aeternitatem
2858 1839 2950 1884 non

721 1924 1095 2008 profectibus
1138 1923 1257 1990 ibit
1302 1925 1584 2006 quisque,
1640 1927 1745 1989 sed
1789 1924 2099 2008 passibus,

805 2044 1189 2128 Quapropter
1245 2062 1389 2109 cum
1455 2063 1570 2110 nec
1631 2046 2126 2128 praeeminentia
2190 2045 2402 2111 localis
2450 2047 2705 2112 beatum
2773 2045 2995 2120 faciam

721 2168 829 2212 uec
873 2151 1001 2214 tres
1044 2147 1390 2213 identidem
1431 2147 1632 2214 caelos
1678 2148 1897 2215 anima
1926 2148 2258 2233 corporalis
2288 2149 2592 2228 inueniat,
2625 2152 2700 2213 ut
2732 2150 2954 2213 tandem

721 2252 957 2316 defecta
1011 2251 1370 2335 corporibus
1427 2251 1808 2336 incorporeis
1860 2253 2058 2332 cedat,
2104 2251 2279 2318 iuxta
2324 2251 2747 2333 praelibatam
2789 2250 2953 2315 tacita
3075 2260 3076 2276 ¹

721 2355 1098 2422 discussione
1159 2355 1465 2421 rationem
1509 2356 1856 2422 ternarium
1912 2356 2223 2422 caelorum
2268 2373 2601 2420 numerum
2643 2351 2954 2420 differenti-

718 2478 940 2540 amque
982 2457 1328 2538 uideamus,
1385 2457 1532 2542 quia
1566 2478 1713 2525 cum
1768 2458 2124 2526 differentia
2154 2459 2538 2544 dignitatum
2568 2459 2653 2524 sit
2682 2456 2955 2523 distantia

721 2564 773 2624 lc
785 2580 1012 2642 curum,
1059 2562 1115 2629 si
1161 2563 1399 2629 distant
1444 2562 1650 2645 magis
1697 2582 1886 2646 quam
1931 2563 2221 2630 differant
2263 2562 2431 2627 inter
2466 2563 2746 2646 primum
2774 2579 2995 2627 secun-2⁰

721 2668 989 2748 dumque
1036 2666 1295 2744 caelum,
1342 2685 1569 2748 quaero
1618 2666 1768 2750 quid
1812 2665 1904 2732 rei
1945 2666 2075 2732 sit?
2120 2669 2232 2732 aut
2277 2664 2633 2731 substantia
2684 2662 2952 2730 uidelicet

825 2956 849 3008 1
877 2954 1180 3008 subdicitur
1206 2955 1295 3022 M,
1351 2954 1811 3009 animaduertitur
1836 2955 1868 3010 b
2051 2956 2086 3009 3
2110 2970 2222 3009 esse
2247 2956 2386 3024 cum]
2412 2970 2476 3009 ex
2499 2954 2585 3007 his
2610 2954 2823 3009 duobus
2845 2950 2958 3023 quod

721 3041 845 3097 [sthi.
881 3040 1011 3094 libri
1035 3046 1268 3109 praeter
1303 3040 1558 3097 GE’GM
1589 3047 1644 3097 et
1667 3042 1873 3097 mirum
1896 3042 1962 3096 in
1983 3042 2204 3097 modum
2237 3041 2400 3097 iidem
2432 3041 2577 3107 libri,
2612 3042 2713 3110 qui
2747 3043 2842 3096 hoc
2871 3042 2957 3094 loco
3071 3085 3072 3127 ἢ

721 3133 982 3193 quattuor
1033 3128 1142 3182 ista
1192 3127 1362 3181 uerba
1413 3126 1557 3193 salso
1604 3128 1844 3195 addunt,
1897 3128 2083 3183 eadem
2135 3129 2261 3197 ipsa
2312 3128 2482 3183 uerba
2530 3128 2677 3195 falso
2734 3129 2959 3183 omittunt

713 3229 841 3281 μαψ
865 3216 984 3280 140,
1008 3215 1097 3279 42,
1157 3213 1356 3268 existat
1393 3213 1542 3268 haud
1575 3213 1803 3269 dubium
1838 3214 1981 3285 quod
2018 3214 2071 3270 Τ
2094 3214 2220 3269 Sch.
2401 3214 2438 3267 4
2472 3214 2547 3267 sit
2577 3214 2853 3269 Bao-thius

721 3317 825 3385 sia]
873 3316 981 3371 iam
1018 3333 1089 3373 ecc
1123 3333 1250 3372 nam
1284 3317 1418 3374 add.
1466 3319 1581 3374 Mb
1786 3318 1941 3374 sodos
1994 3319 2075 3383 L,
2134 3319 2184 3373 si
2234 3318 2397 3373 audes
2451 3318 2589 3385 Mb,
2648 3317 2801 3373 sedes
2856 3313 2957 3371 Gaz-

721 3409 876 3477 land.
1082 3423 1117 3476 5
1170 3406 1424 3507 mollibus
1478 3422 1527 3478 S
1726 3422 2028 3493 trotineque
2079 3423 2223 3489 HR,
2288 3422 2538 3494 tronique
2587 3423 2663 3477 M
2711 3426 2870 3491 (corr.
2912 3419 2957 3471 in

720 3526 938 3593 amru),
997 3524 1310 3594 trutinaque
1362 3524 1486 3582 Sch.
1697 3525 1731 3579 6
1785 3526 2025 3595 quipiam
2076 3526 2376 3593 BarthiuS,
2433 3526 2714 3597 quippiam
2767 3525 2887 3582 libri
2920 3527 2957 3576 et

721 3633 954 3685 editores
1176 3629 1209 3681 '2
1256 3628 1557 3699 undeunde]
1606 3630 1745 3685 unde
1778 3631 2062 3704 ¹BGMR,
2121 3631 2246 3686 inde
2287 3631 2489 3687 DE¹F
2708 3629 2955 3712 prosilient

721 3737 785 3797 ff,
849 3732 1087 3801 prosiliet
1139 3732 1171 3786 b
1389 3734 1424 3787 8
1473 3733 1971 3803 plures—mundos
2025 3750 2125 3789 om.
2182 3735 2244 3790 8¹
2450 3735 2685 3803 epicurio
2739 3736 2817 3789 M
2821 3736 2851 3789 b

721 3853 946 3910 mundus
995 3854 1106 3910 LR
1316 3855 1383 3910 1o
1426 3855 1475 3908 si
1521 3856 1637 3911 Mb
1842 3857 1974 3925 quid
2022 3857 2271 3912 EPMb
2304 3857 2454 3923 sm,
2513 3857 2656 3927 qums
2702 3858 2791 3922 D,
2846 3817 2952 3924 <332²

721 3957 785 4021 ff,
849 3957 989 4028 quod
1034 3958 1153 4014 rell.
1363 3960 1573 4028 spectat
1624 3959 1871 4027 editoreS,
1938 3961 2152 4029 expetat
2196 3960 2386 4028 HLS,
2444 3964 2689 4029 expectat
2734 3961 2849 4016 rell.
3067 3974 3068 3997 ³

721 4049 781 4097 ut
809 4044 888 4112 ds]
925 4043 1067 4099 unde
1102 4044 1159 4098 B
1332 4045 1398 4099 11
1435 4046 1661 4114 quisque
1698 4045 1933 4101 editores
2106 4045 2173 4099 13
2206 4060 2239 4098 a
2264 4046 2494 4101 uinculis
2530 4046 2849 4102 ABCF¹L¹

729 4133 781 4181 14
841 4130 1082 4199 quisquis
1137 4130 1213 4184 M
1424 4132 1489 4185 16
1545 4132 1841 4199 corporales
1893 4131 2190 4186 DE¹F²M
2236 4131 2468 4187 editores
2512 4139 2743 4201 praeter
2785 4135 2851 4203 1⁰²

725 4217 785 4265 Π
817 4214 980 4268 tacite
1004 4215 1377 4270 disscussionis
1406 4216 1480 4272 M
1648 4218 1715 4271 19
1752 4217 1965 4273 uideam
2000 4219 2113 4272 AB
2284 4218 2577 4295 distantiae
2612 4220 2744 4275 libri
2763 4222 2954 4289 praeter

725 4317 853 4369 GM
881 4324 932 4375 et
968 4319 1090 4375 Βοὴ.
1297 4322 1369 4375 20
1403 4306 1561 4376 dice}
1596 4322 1697 4387 M,
1760 4322 2019 4377 differunt
2055 4324 2087 4379 b
