3175 5050
673 413 761 478 44
1448 389 1822 468 C'laudiani
1856 413 2171 469 Mamerti

675 604 860 685 atque
906 604 978 667 ut
1037 602 1113 668 de
1172 603 1396 669 ceteris
1442 602 1699 681 taceam,
1756 602 1812 667 si
1854 601 2099 685 gustari
2142 604 2351 685 posset
2396 604 2711 688 gustatae,
2759 624 2938 672 nemo

677 708 886 788 posset
940 724 1074 771 esse
1128 708 1392 785 ieiunae,
1437 724 1552 771 neo
1597 705 1980 771 extrinsecus
2026 705 2380 772 adhibenda
2424 705 2633 774 forent
2676 708 2742 774 in
2786 727 2941 792 quae

675 811 875 873 semet
939 826 1159 875 sensus
1229 811 1552 886 exsereret,
1619 810 1670 873 si
1732 827 1798 874 se
1855 809 1991 891 ipse
2046 809 2334 878 sentiret.
2410 811 2587 876 aliud
2646 813 2747 877 est
2801 831 2942 896 ergo

676 912 1030 977 membrum
1075 931 1187 994 per
1243 912 1404 995 quod
1467 912 1796 989 sentimus,
1856 920 1921 976 et
1963 930 2179 978 sensus
2223 914 2397 979 aliud
2443 932 2565 998 quo
2610 915 2941 995 sentimus,

678 1014 824 1097 quia
883 1014 1046 1079 inter
1108 1015 1422 1080 inuisibile
1467 1015 1899 1098 incorporeum
1944 1016 2009 1080 et
2052 1033 2273 1098 eorpus
2320 1015 2573 1083 nisibile
2633 1021 2729 1083 est
2782 1018 2941 1085 illud
2980 1043 3000 1083 5

676 1117 1001 1183 inuisibile
1059 1136 1442 1201 corporeum,
1500 1116 1665 1200 quod
1721 1118 1792 1183 in
1833 1118 2012 1185 nobis
2057 1120 2252 1199 uisus,
2301 1120 2579 1199 auditne,
2624 1121 2939 1207 odoratus,

674 1221 899 1302 gustus
945 1222 1013 1287 et
1054 1225 1260 1287 taetus
1305 1225 1432 1287 est:
1486 1240 1645 1304 quae
1688 1224 1982 1304 quoniam
2026 1241 2150 1288 non
2196 1223 2317 1289 nisi
2362 1222 2432 1289 in
2472 1223 2753 1292 animato
2797 1228 2942 1291 sunt

677 1340 949 1408 eorpore,
1010 1343 1082 1391 ex
1137 1324 1460 1407 utriusque
1515 1324 1749 1390 diuersi
1817 1327 2187 1391 commercio
2244 1326 2462 1393 eedem
2524 1328 2588 1392 et
2654 1347 2944 1411 corporea

675 1428 826 1492 sunt
867 1430 933 1492 et
990 1427 1345 1495 inuisibilia
1400 1428 1718 1495 trahentia.
1773 1427 1850 1493 de
1909 1446 2163 1512 corpore
2220 1428 2461 1496 nisibili
2517 1430 2594 1494 ut
2659 1449 2944 1515 corporea

676 1532 827 1609 sint,
876 1531 952 1596 de
996 1531 1354 1616 incorporeo
1402 1532 1612 1597 animo
1656 1535 1730 1597 ut
1774 1530 1907 1595 sint
1948 1531 2314 1599 inuisibilia.
2387 1549 2515 1597 non
2544 1533 2745 1616 igitur
2774 1535 2944 1601 iuxta
2957 1559 2998 1598 ιο

675 1635 1054 1701 sententiam
1110 1638 1287 1700 tuam
1342 1635 1503 1701 illud
1561 1636 1683 1701 erit
1744 1633 2087 1717 inuisibile‚
2133 1638 2296 1717 quod
2339 1635 2776 1721 incorporeum
2823 1656 2941 1705 non

675 1736 813 1817 erit,
872 1741 1196 1822 tamquam
1255 1739 1613 1821 incorporeo
1681 1739 1935 1805 nisibile
1980 1740 2044 1803 et
2074 1756 2376 1821 §corporeo
2430 1739 2755 1808 inuisibile
2813 1759 2942 1807 esse

673 1841 757 1905 sit
814 1843 1152 1923 proprium,
1212 1842 1459 1924 quando
1519 1841 1774 1925 quidem
1833 1841 1997 1907 nihil
2052 1841 2375 1909 inuisibile
2434 1845 2705 1925 eorporis
2763 1843 2940 1922 foret,

671 1942 794 2009 nisi
853 1944 1170 2013 inuisibile
1224 1946 1385 2012 illud
1444 1945 1792 2029 incorporei
1861 1946 2268 2013 inuisibilitas
2338 1945 2590 2028 faceret,
2663 1949 2817 2031 quia
2879 1948 2940 2013 in

674 2050 906 2126 eodem,
967 2049 1132 2115 sicut
1175 2067 1364 2132 supra
1410 2049 1697 2129 diximus„
1742 2049 1994 2115 homine
2038 2051 2104 2115 et
2151 2050 2584 2133 incorporeum
2626 2050 2993 2117 inuisibileu

675 2153 771 2215 est
837 2150 1048 2217 anima
1104 2156 1167 2219 et
1222 2151 1546 2218 inuisibile
1604 2171 1984 2235 corporeum,
2042 2154 2206 2235 quod
2272 2156 2348 2221 de
2404 2170 2657 2238 corpore
2712 2154 2941 2221 nisibili

672 2253 1081 2320 inuisibiliter
1125 2256 1260 2341 agit
1304 2256 1536 2324 anima.

1725 2459 1883 2544 VII.

673 2622 861 2689 QVOD
930 2632 1023 2678 EX
1094 2632 1419 2692 QVATVOR
1472 2633 1861 2682 ELEMENTIS
1930 2633 2284 2683 CONSTENT
2353 2637 2935 2697 QVINQVEPERTITI

1476 2718 1725 2768 SENSVS
1782 2719 2133 2770 CORPORIS.
2950 2729 2990 2770 20

755 2836 895 2901 Iam
954 2856 1100 2903 uero
1163 2856 1584 2922 quaecumque
1644 2839 1914 2924 corporis
1974 2839 2264 2906 sensibus
2324 2841 2667 2926 tangimus,
2730 2844 2824 2908 ita
2866 2846 2935 2910 ad

670 2957 944 3023 quosque
1019 2960 1235 3006 eornm
1292 2961 1571 3026 quaeque
1632 2963 1702 3008 ex
1764 2943 1895 3008 illis
1954 2943 2281 3027 speciatim
2340 2945 2681 3028 pertinent,
2743 2951 2816 3031 ut
2875 2947 2935 3012 in

879 3181 904 3234 1
945 3181 1167 3248 gustare
1199 3195 1240 3248 p
1431 3181 1604 3248 possit
1637 3180 2027 3238 AGHLMRS
2208 3184 2241 3237 2
2278 3184 2453 3254 possit
2488 3185 2813 3242 AGHLRS

670 3266 704 3319 3
751 3269 1013 3320 exsereret
1056 3265 1291 3331 BGFR,
1351 3269 1585 3321 exereret
1628 3269 1745 3324 rell.
1763 3308 1776 3334 ,
1838 3271 2102 3324 exerceret
2147 3270 2179 3323 b
2387 3272 2433 3324 si
2468 3287 2523 3324 se
2558 3272 2691 3342 ipse]
2730 3287 2935 3342 seseque

669 3352 785 3420 ipse
839 3351 961 3407 Sela.
1170 3351 1207 3406 4
1257 3368 1350 3421 per
1398 3368 1500 3406 om.
1551 3355 1608 3408 Α.
1813 3369 1917 3424 quo
1966 3371 2033 3411 ex
2078 3356 2219 3425 quod
2272 3356 2352 3410 A²
2558 3357 2698 3426 qnod
2751 3359 2807 3414 G

669 3439 704 3493 5
749 3438 966 3493 nisibile
1011 3436 1548 3495 AOD1<¹H¹PRS¹T
1568 3439 1690 3496 Seh.
1707 3481 1721 3508 ‚
1780 3441 2051 3496 uisibilem
2098 3443 2155 3496 B
2361 3442 2659 3514 inuisibile]
2708 3448 2765 3498 et
2810 3445 2932 3500 add.

673 3524 726 3580 G
967 3523 1272 3593 eorporenm
1306 3525 1537 3580 BDFP
1774 3528 2160 3598 incorporeum]
2200 3531 2283 3583 est
2316 3529 2447 3584 add.
2484 3530 2936 3587 AGDE¹FH¹M

668 3610 725 3666 R
737 3609 768 3664 b
791 3609 910 3666 Βοὴ.
925 3652 938 3676 ,
998 3612 1082 3698 est
1117 3610 1173 3665 B
1381 3613 1438 3664 et
1472 3627 1571 3667 om.
1620 3613 1674 3668 G
1878 3615 1961 3667 est
1994 3630 2096 3669 om.
2134 3614 2539 3672 ACDFGMR
2553 3616 2583 3671 b
2596 3658 2609 3684 ,
2668 3633 2931 3686 superscr.

669 3713 796 3768 BH
1062 3685 1202 3768 ‘inne
1255 3717 1338 3768 est
1389 3714 1452 3768 E
1728 3716 1887 3786 inus]
1942 3717 2093 3771 aliud
2143 3718 2199 3773 R
2484 3719 2518 3773 e
2573 3721 2791 3776 uisibile
2842 3721 2939 3779 Rs

669 3814 790 3872 Βοὴ.
996 3783 1385 3873 uisibile⁸illud
1423 3818 1471 3874 S
1670 3821 1819 3874 uisus
1854 3837 1955 3876 om.
1996 3821 2049 3878 G
2254 3822 2475 3878 auditus
2510 3839 2613 3879 om.
2648 3826 2726 3881 M
2727 3832 2761 3894 ¹,
2805 3825 2929 3881 add.

667 3901 742 3955 M
743 3904 776 3967 ²,
835 3919 935 3958 om.
988 3901 1241 3971 editores,
1289 3905 1547 3961 inserunt
1590 3911 1775 3962 autem
1812 3912 1942 3975 post
1976 3910 2174 3976 gustus
2383 3910 2415 3964 7
2461 3909 2722 3982 animato]
2758 3914 2931 3966 anima

666 3991 784 4040 tota
817 3989 888 4042 M
899 3987 931 4043 b
1123 3988 1159 4042 8
1193 3990 1249 4043 et
1283 3993 1774 4060 corporea—iuxta
1809 4008 1909 4048 om.
1945 3993 2022 4047 M
2024 3995 2058 4059 ¹,
2119 3995 2174 4047 et
2208 4009 2456 4063 corporea
2490 4000 2621 4051 sunt
2657 4001 2715 4052 et
2748 3999 2929 4054 inuisi-

669 4072 830 4127 bilia:
885 4090 990 4129 non
1027 4076 1203 4145 igitur
1238 4076 1390 4130 iuxta
1425 4077 1553 4132 add.
1591 4077 1683 4132 Μ’
1716 4080 1782 4133 in
1816 4095 1985 4150 mary.
2195 4083 2229 4137 9
2264 4081 2543 4137 trahentia
2566 4085 2929 4140 -innisibilia

666 4173 769 4213 om.
815 4159 888 4213 M
898 4161 930 4214 b
1140 4162 1200 4215 11
1253 4165 1408 4216 tuam
1441 4178 1542 4218 om.
1594 4163 1849 4218 BDE¹F
1944 4200 1948 4207 -
2048 4165 2417 4235 incorporeum
2462 4168 2510 4224 0
2715 4170 2783 4225 12
2825 4184 2929 4224 esse

668 4276 770 4317 om.
799 4262 852 4319 a
1027 4265 1092 4318 13
1113 4228 1224 4319 ‘833
1258 4264 1308 4320 s
1511 4265 1578 4320 14
1614 4267 1723 4321 nisi
1756 4268 1975 4324 uisibile
2010 4269 2128 4324 sch.
2202 4303 2205 4306 ⁴
2341 4273 2407 4329 15
2440 4272 2712 4331 hominem
2745 4275 2803 4332 R

669 4349 734 4402 19
770 4350 1030 4404 elementa
1066 4352 1297 4418 quatuor
1333 4352 1570 4420 quinque
1607 4353 1850 4407 sensibus
1887 4355 2182 4410 committit
2216 4356 2434 4413 ABR&
