3175 5050
2428 505 2610 554 XXIII

358 677 721 743 memineris
767 675 1127 760 (meminere
1169 675 1256 752 M,
1304 674 1392 739 ad
1433 695 1530 739 me
1573 675 1773 738 nitere
1804 673 2005 756 rell.):
2050 673 2387 756 genuinam
2432 673 2608 739 lecti-

359 801 540 846 onem
571 801 685 845 nec
715 781 784 845 M
815 796 926 844 nec
955 779 1227 861 reliquos
1259 776 1453 842 libros
1485 777 1783 860 praebere
1814 776 1972 841 mihi
2005 795 2170 840 nunc
2195 777 2610 841 certissimum

358 887 474 949 est.
552 888 739 965 atque
783 885 853 945 ut
899 883 1170 963 primum
1218 882 1291 945 de
1335 881 1539 946 uerbis
1583 882 1671 946 ad
1699 900 1796 944 me
1827 880 2027 944 nitere
2056 880 2358 963 dicamus,
2392 898 2465 944 ea
2493 881 2610 945 hoc

356 989 494 1053 loco
553 985 702 1052 ferri
761 984 1012 1050 omnino
1071 1001 1193 1049 non
1250 1001 1431 1065 posse
1488 983 1648 1047 hanc
1704 981 1780 1046 ob
1838 1001 1965 1046 rem
2028 983 2196 1065 puto,
2253 982 2417 1064 quod
2462 981 2612 1048 deus

360 1087 566 1156 uerbis
613 1091 739 1153 suis
785 1106 909 1152 non
953 1086 1384 1152 cohortaturus
1430 1088 1523 1151 est
1569 1087 1860 1170 animam,
1914 1089 1983 1150 ut
2021 1087 2101 1150 ad
2130 1105 2196 1150 se
2227 1088 2464 1151 nitatur
2508 1085 2613 1151 uel

362 1194 601 1258 caelum
647 1195 918 1275 appetat,
980 1190 1088 1254 sed
1149 1193 1221 1254 ut
1265 1209 1328 1253 se
1374 1189 1513 1271 ipsa
1557 1190 1911 1274 cognoscat,
1956 1204 2075 1269 quo
2107 1187 2433 1252 referenda
2462 1191 2612 1254 sunt

359 1297 552 1360 etiam
597 1297 788 1359 uerba
831 1294 1184 1376 sequentia:
1229 1291 1376 1357 uide
1405 1296 1671 1356 mentem
1699 1295 1895 1371 tuam,
1945 1290 2093 1355 uide
2122 1291 2384 1355 uerbum
2414 1293 2611 1370 tuum,

357 1399 505 1464 uide
548 1396 943 1462 uoluntatem
978 1400 1177 1472 tuam,
1223 1397 1501 1478 itemque
1533 1395 2007 1461 antecedentia:
2052 1394 2225 1458 intro
2270 1394 2512 1475 inspice
2553 1399 2612 1459 te

361 1502 520 1567 dete
549 1502 717 1583 ipsa.
771 1518 926 1582 quae
959 1519 1100 1564 cum
1130 1499 1220 1563 ita
1251 1499 1400 1579 sint,
1448 1503 1783 1563 memoriae
1827 1498 2107 1578 uerbum,
2156 1498 2319 1580 quod
2360 1497 2617 1580 praebet

357 1605 446 1684 M,
494 1603 892 1686 aptissimum
938 1622 1070 1668 esse
1114 1602 1219 1666 uix
1267 1601 1594 1685 quisquam
1640 1599 1875 1666 infitias
1920 1606 2039 1665 eat.
2108 1601 2219 1665 sed
2250 1601 2386 1683 ipsa
2416 1601 2616 1668 forma

359 1706 698 1770 meminere
767 1704 992 1771 codicis
1035 1704 1107 1768 M
1154 1705 1527 1769 auctoritate
1585 1704 1715 1769 sola
1772 1723 1892 1768 non
1947 1702 2098 1768 satis
2154 1702 2314 1768 mihi
2364 1703 2615 1771 firmata

361 1827 491 1874 esse
547 1810 802 1874 uidetur
863 1826 1064 1890 neque
1109 1807 1400 1889 ampliuS‚
1450 1825 1607 1889 quae
1654 1807 1729 1870 de
1773 1806 1891 1870 hac
1934 1807 2293 1889 imperatiui
2338 1805 2539 1872 forma
2581 1825 2619 1871 a

361 1911 548 1976 uerbo
583 1911 934 1976 *meminor
963 1909 1305 1975 deriuanda
1332 1911 1397 1975 in
1429 1909 1825 1975 adnotatione
1856 1909 2075 1974 critica
2104 1910 2181 1974 ad
2212 1909 2272 1974 h.
2306 1909 2347 1973 1.
2379 1908 2616 1991 scripsi,

364 2016 532 2080 recte
579 2033 645 2079 se
692 2014 920 2079 habere
965 2015 1132 2096 puto,
1194 2014 1412 2078 notum
1458 2014 1713 2095 quidem
1758 2015 1855 2078 est
1885 2014 2190 2078 exstitisse
2219 2012 2622 2095 participium

360 2117 706 2182 meminens
737 2117 841 2200 (cf.
866 2136 918 2181 e.
936 2135 995 2200 g.
1014 2115 1220 2182 Sidon.
1239 2117 1443 2200 Apoll.
1468 2117 1771 2200 pag.202‚
1801 2119 1879 2183 16
1905 2117 2000 2182 ed.
2027 2117 2319 2196 nostrae),
2346 2118 2421 2180 ad
2448 2116 2619 2180 cuius

362 2220 718 2314 analogiam
765 2219 1028 2285 fortasse
1071 2219 1449 2286 Claudianus
1493 2239 1716 2287 reuera
1758 2220 2050 2284 meminis
2102 2220 2168 2302 (2
2196 2219 2354 2301 sing.
2386 2219 2615 2304 praes.)

361 2323 612 2407 scripsit
654 2324 757 2401 95,
806 2324 889 2388 22
923 2361 1002 2370 —
1032 2323 1126 2387 sic
1173 2324 1335 2387 enim
1383 2322 1609 2406 optimi
1639 2324 1787 2388 libri
1816 2341 2048 2406 omnes,
2102 2321 2467 2386 memineris
2495 2322 2619 2386 tres

358 2426 722 2508 interpolati
767 2425 1064 2509 praebent
1106 2462 1221 2505 —,
1270 2425 1379 2490 sed
1423 2427 1627 2492 forma
1680 2427 1854 2492 uerbi
1900 2425 2263 2508 deponentis
2310 2425 2617 2488 meminor

362 2530 536 2595 nullo
583 2531 860 2613 exemplo
903 2532 1164 2613 analogo
1197 2530 1586 2614 comprobari
1617 2531 1840 2613 potest.
1897 2530 2043 2613 quid
2087 2548 2235 2594 uero
2268 2529 2323 2593 si
2353 2528 2618 2592 memine

361 2634 613 2715 scripsit
679 2632 1073 2713 ClaudianuS‚
1143 2650 1298 2716 quae
1358 2634 1715 2717 imperatiui
1775 2634 1969 2698 actiui
2025 2633 2232 2698 forma
2276 2632 2616 2697 Claudiano

362 2736 760 2801 condonanda
817 2737 932 2816 est,
989 2755 1174 2818 quem
1229 2735 1574 2800 identidem
1621 2736 1948 2801 Sidonium
1991 2736 2439 2819 Apollinarem,
2512 2732 2617 2816 qui

361 2843 424 2903 et
469 2839 597 2922 ipse
655 2840 918 2905 formam
971 2839 1314 2903 meminens
1369 2838 1550 2904 ualde
1585 2840 1904 2905 adamauit
1954 2844 2070 2923 (ep.
2116 2838 2184 2904 H
2230 2840 2330 2921 10,
2376 2836 2511 2901 IIII
2556 2834 2620 2903 3.

365 2942 464 3025 12,
511 2940 602 3005 VI
647 2943 706 3023 3,
751 2940 879 3006 VII
925 2941 1015 3021 6),
1077 2942 1398 3007 imitatum
1456 2961 1588 3007 esse
1649 2946 1911 3007 constat.
1987 2942 2199 3024 itaque
2251 2941 2517 3005 memine
2560 2943 2619 3003 te

359 3045 752 3109 scribendum
777 3043 1197 3126 ,proponimus
1250 3044 1350 3127 (de
1391 3043 1747 3109 accusatiuo
1791 3048 1847 3108 te
1890 3044 1968 3109 cf.
2016 3044 2383 3108 Plautinum
2426 3040 2618 3107 illud:

358 3146 553 3229 facito
615 3150 687 3209 ut
752 3166 850 3210 me
910 3146 1306 3223 memineriS,
1375 3146 1644 3213 Venant.
1707 3146 1962 3213 Fortun.
2011 3146 2169 3214 VIII
2218 3147 2317 3231 13,
2363 3145 2437 3210 3:
2497 3138 2622 3208 me'-

361 3251 564 3313 mento
607 3247 935 3312 Iustinam
973 3247 1296 3331 famulam
1333 3247 1569 3329 pietate
1616 3248 1783 3333 etc.),
1851 3248 2027 3312 cuius
2095 3247 2382 3313 lectionis
2453 3250 2619 3311 certa

363 3350 628 3433 uestigia
682 3350 752 3415 M
821 3352 1115 3426 seruauit,
1183 3369 1338 3433 quae
1405 3351 1474 3416 in
1538 3351 1793 3433 reliquis
1860 3350 2039 3415 libris
2104 3370 2354 3433 prorsus
2420 3348 2621 3415 deleta

365 3471 498 3519 esse
572 3456 828 3534 propter
897 3452 1094 3537 ipsam
1165 3452 1400 3518 formae
1456 3454 1807 3518 nouitatem
1873 3472 1997 3519 non
2058 3458 2154 3519 est
2214 3452 2376 3535 quod
2434 3452 2620 3517 mire-

363 3574 524 3621 mur.
573 3592 652 3602 —
698 3556 801 3633 96,
865 3556 945 3621 16
989 3559 1049 3619 et
1101 3575 1246 3621 cum
1307 3575 1508 3639 neque
1579 3559 1726 3638 apte
1793 3575 1901 3640 pro
1947 3556 2139 3621 etiam
2182 3558 2381 3639 accipi
2424 3576 2620 3641 neque

363 3656 546 3722 aliter
605 3656 902 3737 explicari
957 3658 1175 3743 possit,
1229 3677 1262 3723 e
1304 3660 1482 3724 textu
1529 3658 1880 3725 eiciendum
1937 3676 2103 3726 nunc
2150 3678 2490 3727 censemus
2543 3698 2616 3709 -

367 3760 508 3837 103,
580 3758 661 3821 14
715 3758 881 3822 uidit
943 3758 1434 3826 similitudinem
1488 3763 1791 3844 cuiusque
1845 3763 1941 3827 rei
1994 3762 2071 3827 in
2127 3760 2447 3827 contrario
2498 3780 2623 3827 esse

361 3881 495 3926 non
541 3880 746 3946 posse,
809 3862 964 3943 quia
1017 3862 1311 3929 uidelicet
1351 3864 1599 3929 inmota
1653 3885 1868 3931 rerum
1910 3867 2078 3930 ratio
2122 3885 2255 3929 non
2298 3864 2458 3929 sinit
2504 3864 2617 3949 (M,

362 3964 543 4027 sinat
569 3966 757 4045 rell.),
787 3968 860 4027 ut
890 3964 1144 4046 aliquid
1169 3968 1359 4030 uiuat
1390 3976 1741 4033 mortuum:
1787 3968 2217 4034 coniunctiuus
2247 3968 2445 4045 sinat,
2478 3986 2621 4033 cum

362 4068 595 4131 bonum
648 4066 876 4131 habeat
920 4068 1388 4151 explicationem
1435 4072 1500 4135 et
1544 4070 1762 4134 statim
1806 4068 2175 4154 intelleyens
2219 4070 2517 4135 nonnihil
2552 4119 2567 4135 .
2594 4122 2633 4145 .,

362 4184 488 4233 esse
517 4170 628 4235 deo
655 4169 882 4255 simile,
928 4171 1119 4252 quia
1153 4173 1266 4236 sit
1305 4171 1415 4238 ille
1445 4172 1662 4239 lumen
1690 4178 1795 4238 ete.
1853 4176 2282 4256 subsequatur,
2312 4174 2619 4242 tenendus

367 4276 479 4337 est.
511 4310 600 4322 —
633 4272 771 4352 104,
817 4275 903 4339 20
939 4272 1096 4355 quin
1143 4272 1266 4339 dici
1296 4274 1492 4357 possit
1521 4280 1812 4340 mutuum
1843 4294 1919 4339 ex
1949 4272 2049 4341 his
2079 4276 2618 4361 (philosophorum

361 4374 815 4460 uoluminibus)
872 4394 1127 4458 carpere
1190 4378 1306 4459 (M)
1368 4378 1703 4460 quippiam
1747 4378 2016 4445 dubitari
2061 4396 2185 4444 non
2230 4380 2456 4464 potest,
2506 4380 2614 4445 sed
