3175 5050
2656 509 2702 554 V

458 682 682 747 habere
735 668 1210 744 similitudinem
1263 678 1682 760 unusquisque
1749 675 1939 741 uidet.
2016 675 2239 760 quibus
2305 675 2499 740 libris*
2541 677 2699 741 inte—

458 803 640 867 grum
686 781 1012 847 Claudiani
1055 799 1206 864 opus
1255 779 1684 844 exhibentibus
1725 779 1951 844 addere
1980 780 2185 861 placet
2216 780 2491 844 codicem
2519 779 2700 844 Pari-

311 951 318 955 .
455 887 665 952 sinum
705 886 818 950 lat.
863 900 955 949 nr.
1005 883 1174 950 1750
1223 882 1513 966 (Colbert.
1553 881 1742 958 3080,
1790 881 1942 966 Reg.
1978 883 2141 949 3751
2191 883 2342 962 AB)
2393 885 2699 948 membra-

453 1002 716 1054 naceum
772 988 878 1054 fol.
941 989 1062 1052 181
1114 1005 1192 1052 ex
1256 986 1694 1052 diuersissimis
1760 987 2039 1068 partibus
2108 987 2458 1064 consutum,
2527 988 2699 1050 cuius

451 1093 600 1157 folia
643 1091 921 1156 41—-48
967 1091 1292 1156 Claudiani
1337 1092 1410 1155 de
1455 1093 1629 1155 statu
1673 1091 1915 1155 animae
1960 1090 2193 1154 librum
2236 1089 2495 1154 tertium
2528 1089 2699 1154 exhi-

452 1195 608 1260 bent
664 1196 729 1259 et
785 1193 1032 1259 saeculo
1090 1194 1213 1258 XII
1273 1194 1530 1258 exeunte
1585 1197 1830 1258 exarata
1874 1213 2003 1258 esse
2045 1192 2359 1257 uidentur.
2436 1210 2695 1274 quorum

453 1297 849 1362 collationem
893 1317 930 1362 a
973 1316 1073 1362 me
1130 1298 1470 1361 confectam
1513 1300 1590 1360 ut
1636 1297 2017 1362 adnotationi
2073 1295 2323 1361 criticae
2366 1297 2696 1361 insererem

453 1419 492 1465 a
520 1421 620 1465 me
649 1419 771 1465 non
799 1400 1156 1482 impetraui.
1203 1399 1466 1482 denique
1499 1401 1831 1482 epistulam
1858 1399 2077 1464 Fausti
2105 1400 2171 1463 in
2204 1400 2412 1464 codice
2434 1399 2694 1484 Anglico
2772 1433 2777 1438 ·

451 1501 836 1582 (Ashburnh.
883 1504 1055 1567 Libri
1099 1523 1188 1568 nr.
1240 1502 1343 1582 75)
1393 1504 1648 1566 membr.
1698 1503 1989 1568 foliorum
2024 1502 2105 1567 14
2136 1521 2295 1568 saec.
2335 1503 2698 1568 VIIII—X

452 1607 685 1672 litteris
732 1606 1120 1690 carolingicis
1165 1609 1410 1670 exarato
1447 1607 1554 1688 (cf.
1589 1605 2057 1688 Zangemeister
2086 1606 2151 1668 in
2184 1606 2389 1670 annal.
2422 1607 2693 1670 academ.

451 1709 798 1776 Vindobon.
845 1711 969 1774 uol.
1015 1702 1385 1774 LXXXIIII‘
1423 1708 1574 1790 568)
1624 1709 1932 1773 contineri
1976 1727 2551 1775 commemoramus,

536 1865 853 1929 Hactenus
899 1863 973 1926 de
1003 1863 1182 1927 libris
1212 1864 1684 1945 manuscriptis:
1729 1863 2093 1927 accedamus
2124 1863 2253 1927 iam
2286 1863 2363 1928 ad
2395 1864 2693 1930 editiones
2723 1867 2762 1930 b

452 1969 846 2034 enarrandas
907 1970 1091 2049 atque
1123 1967 1312 2031 editio
1343 1967 1627 2049 princeps
1659 1967 1888 2050 prodiit
1916 1967 2199 2031 Basileae
2232 1985 2387 2035 anno
2417 1967 2694 2033 MDXX:

447 2069 616 2136 Diui
664 2069 1016 2136 Claudiani
1059 2069 1368 2134 Mamerti
1430 2069 1754 2134 Vienensis
1794 2070 1905 2152 (sic
1920 2069 1963 2154 l)
2005 2069 2377 2135 Galliarum
2420 2071 2695 2152 episcopi

449 2175 525 2239 de
548 2179 719 2239 statu
741 2175 1001 2238 animae
1024 2172 1172 2236 libri
1200 2177 1326 2236 tres
1347 2171 1538 2236 Petro
1562 2171 1922 2236 Mosellam
1951 2172 2345 2254 recoquito-re.
2394 2174 2696 2240 Basileae

449 2298 617 2341 anno
663 2275 959 2340 MDXX
1007 2277 1192 2358 (apud
1237 2275 1444 2340 Adam
1486 2275 1712 2356 Petri).
1767 2275 2051 2341 dedicata
2080 2280 2172 2341 est
2204 2277 2393 2341 editio
2426 2277 2693 2343 Martino

448 2383 525 2446 de
568 2381 833 2457 Lochau‚
866 2379 1236 2444 Cisterciani
1267 2379 1496 2442 ordinis
1527 2379 1594 2443 in
1628 2379 1873 2443 Veteris
1904 2378 2108 2444 Cellae
2142 2381 2427 2446 coenobio
2458 2381 2691 2459 abbati,

445 2483 513 2549 in
587 2485 758 2549 cuius
833 2482 1108 2547 coenobii
1183 2481 1566 2547 bibliotheca
1645 2481 1979 2547 ‘uetustum
2045 2483 2368 2563 ememplar
2440 2483 2696 2551 librarii

445 2587 775 2669 imperitia
816 2586 1169 2668 foedissime
1213 2574 1655 2665 deprauatum³
1698 2586 1942 2650 exstare
1986 2587 2172 2667 atque
2220 2587 2297 2651 ad
2330 2588 2461 2652 eius
2504 2588 2691 2653 fidem

448 2692 781 2757 editionem
827 2689 1152 2755 Claudiani
1197 2709 1260 2756 se
1307 2706 1556 2754 curasse
1602 2688 1981 2754 Mosellanus
2026 2692 2159 2771 ipse
2203 2690 2354 2755 dicit
2406 2691 2505 2771 (cf.
2551 2710 2691 2776 pag.

445 2794 487 2857 2
546 2796 609 2859 et
653 2795 744 2875 8).
803 2795 970 2858 1111110
1022 2794 1231 2875 ipsum
1286 2794 1497 2857 autem
1554 2792 1825 2858 codicem
1876 2811 2012 2858 esse
2056 2793 2462 2875 Lipsiensem‚
2508 2813 2694 2877 quem

447 2916 632 2980 supra
664 2898 877 2962 littera
906 2896 975 2961 M
1017 2896 1528 2979 significauimuS,
1575 2914 1697 2960 non
1731 2898 1933 2962 solum
1964 2895 2361 2961 adnotatione
2392 2896 2521 2976 illa,
2571 2916 2693 2979 qua

446 3001 720 3065 codicem
773 3000 925 3067 olim
981 3000 1262 3066 coenobii
1321 2998 1566 3065 Veteris
1630 2999 1835 3065 Cellae
1890 3001 2085 3065 fuisse
2141 3004 2415 3082 apparet,
2475 3020 2691 3067 uerum

449 3105 644 3169 etiam
696 3105 854 3169 miro
911 3123 1229 3182 consensu,
1290 3107 1396 3187 qui
1439 3104 1606 3169 inter
1664 3104 1891 3169 codicis
1937 3108 1997 3169 et
2057 3103 2346 3169 editionis
2394 3105 2691 3187 principis

443 3204 738 3271 lectiones
789 3207 1138 3283 intercedit,
1199 3208 1650 3273 confirmatur.-
1696 3208 1867 3273 cuius
1925 3208 2018 3271 rei
2074 3209 2353 3291 exempla
2415 3208 2691 3272 luculen-

446 3309 689 3373 tissima
744 3329 887 3375 cum
939 3328 1341 3393 unaquaeque
1399 3310 1689 3376 editionis
1744 3313 1992 3375 nostrae
2038 3310 2268 3394 pagina
2312 3311 2689 3395 suppeditet,

443 3412 627 3495 plura
669 3412 771 3475 hic
813 3411 1006 3478 uerba
1050 3412 1249 3477 facere
1299 3416 1405 3479 uix
1447 3431 1665 3497 operae
1708 3413 1982 3496 pretium
2027 3432 2158 3478 esse
2202 3414 2468 3479 uidetur.
2515 3432 2690 3479 recu-

441 3516 652 3595 perato
717 3514 924 3579 codice
967 3515 1274 3598 Lipsiensi
1338 3516 1496 3581 nihil
1550 3517 1677 3581 fere
1735 3516 1891 3581 lucri
1948 3518 2257 3582 redundat
2302 3536 2373 3583 ex
2418 3518 2688 3582 editione

443 3618 736 3701 principe,
784 3637 926 3684 cum
971 3621 1333 3701 plerumque
1365 3621 1530 3685 locos
1562 3619 1787 3684 codicis
1818 3620 2373 3705 deprauatissimos
2402 3618 2690 3703 religiose

441 3739 688 3786 seruare
733 3740 919 3803 quam
961 3738 1068 3785 suo
1113 3723 1360 3804 ingenio
1405 3724 1734 3788 emendare
1777 3724 2067 3789 maluerit
2110 3722 2511 3789 Mosellanus

521 3890 850 3957 Mosellani
925 3892 1117 3957 editio
1191 3895 1458 3975 repetita
1530 3894 1767 3977 legitur
1840 3894 1904 3958 in
1977 3889 2354 3959 bibliotheca
2426 3894 2687 3975 patrum

437 3995 722 4061 Parisina
766 4014 804 4060 a
845 3992 1202 4079 Margarino
1248 3995 1320 4061 de
1364 3994 1426 4061 la
1468 3996 1669 4080 Bigne
1716 3996 1930 4061 curata
1974 4015 2030 4063 a.
2080 3995 2246 4062 1576
2290 3996 2409 4063 1101.
2453 3996 2510 4061 V
2556 3998 2676 4063 661
2711 4014 2752 4077 p

439 4118 572 4183 sqq.
623 4098 686 4164 et
731 4116 784 4164 a.
833 4098 1000 4163 1589
1043 4098 1168 4166 1101.
1212 4098 1350 4164 IIII
1393 4098 1520 4165 599
1567 4105 1702 4183 s'qq.
1746 4100 2059 4165 nonnullis
2104 4100 2343 4165 mendis
2390 4100 2681 4165 editionis

437 4202 734 4286 principis
781 4200 1088 4267 correctis.
1161 4200 1346 4284 atque
1393 4202 1659 4267 editores
1715 4204 2003 4268 editionis
2050 4222 2103 4269 a.
2157 4200 2321 4270 1589
2366 4204 2431 4268 in
2472 4204 2682 4269 lucem
2710 4202 2786 4284 1)Ω

441 4306 704 4371 emissae
762 4304 862 4370 hic
917 4303 1050 4369 illic
1109 4305 1344 4370 codices
1400 4306 1715 4371 Parisinos
1760 4308 2093 4390 inspexisse
2137 4310 2272 4372 ueri
2316 4307 2521 4373 simile
2564 4308 2679 4387 est,

439 4426 581 4475 cum
623 4408 964 4492 peculiares
1020 4405 1319 4472 librorum
1364 4409 1489 4474 AB
1507 4398 1695 4474 DEF
1742 4411 1845 4475 uel
1890 4412 2075 4477 DEI?
2121 4412 2413 4477 lectiones
2458 4412 2526 4476 in
2570 4410 2682 4476 illa
