<?xml version="1.0" encoding="UTF-8"?>
<!DOCTYPE html PUBLIC "-//W3C//DTD XHTML 1.0 Transitional//EN"
    "http://www.w3.org/TR/xhtml1/DTD/xhtml1-transitional.dtd">
<html xmlns="http://www.w3.org/1999/xhtml" xml:lang="en" lang="en">
 <head>
  <title>
</title>
<meta http-equiv="Content-Type" content="text/html;charset=utf-8" />
  <meta name='ocr-system' content='tesseract 3.04.00' />
  <meta name='ocr-capabilities' content='ocr_page ocr_carea ocr_par ocr_line ocrx_word'/>
</head>
<body>
  <div class='ocr_page' id='page_1' title='image "./corpusscriptoru28wiengoog_0138.png"; bbox 0 0 3175 5050; ppageno 0'>
   <div class='ocr_carea' id='block_1_1' title="bbox 674 390 2169 460">
    <p class='ocr_par' dir='ltr' id='par_1_1' title="bbox 674 390 2169 460">
     <span class='ocr_line' id='line_1_1' title="bbox 674 390 2169 460; baseline -0.007 -6"><span class='ocrx_word' id='word_1_1' title='bbox 674 394 763 460; x_wconf 78' lang='lat'>⁴76</span> <span class='ocrx_word' id='word_1_2' title='bbox 1451 390 1819 449; x_wconf 84' lang='lat' dir='ltr'>Claudiani</span> <span class='ocrx_word' id='word_1_3' title='bbox 1852 390 2169 445; x_wconf 76' lang='lat' dir='ltr'><strong>Mamerti</strong></span> 
     </span>
    </p>
   </div>
   <div class='ocr_carea' id='block_1_2' title="bbox 672 578 2982 1491">
    <p class='ocr_par' dir='ltr' id='par_1_2' title="bbox 672 578 2982 1491">
     <span class='ocr_line' id='line_1_2' title="bbox 679 578 2929 665; baseline -0.002 -18"><span class='ocrx_word' id='word_1_4' title='bbox 679 584 812 661; x_wconf 87' lang='lat' dir='ltr'>unt,</span> <span class='ocrx_word' id='word_1_5' title='bbox 859 581 1088 664; x_wconf 87' lang='lat' dir='ltr'>quibus</span> <span class='ocrx_word' id='word_1_6' title='bbox 1131 581 1443 665; x_wconf 75' lang='lat' dir='ltr'><strong>potentias</strong></span> <span class='ocrx_word' id='word_1_7' title='bbox 1489 599 1634 659; x_wconf 84' lang='lat' dir='ltr'>suas</span> <span class='ocrx_word' id='word_1_8' title='bbox 1678 586 1921 647; x_wconf 86' lang='lat' dir='ltr'>exserat</span> <span class='ocrx_word' id='word_1_9' title='bbox 1956 582 2035 646; x_wconf 88' lang='lat' dir='ltr'>ad</span> <span class='ocrx_word' id='word_1_10' title='bbox 2064 582 2383 647; x_wconf 84' lang='lat' dir='ltr'>sentienda</span> <span class='ocrx_word' id='word_1_11' title='bbox 2414 596 2729 661; x_wconf 83' lang='lat' dir='ltr'>corporea.</span> <span class='ocrx_word' id='word_1_12' title='bbox 2776 578 2929 643; x_wconf 87' lang='lat' dir='ltr'>sicut</span> 
     </span>
     <span class='ocr_line' id='line_1_3' title="bbox 672 681 2926 769; baseline -0.001 -20"><span class='ocrx_word' id='word_1_13' title='bbox 672 701 824 769; x_wconf 86' lang='lat' dir='ltr'>ergo</span> <span class='ocrx_word' id='word_1_14' title='bbox 853 684 1096 749; x_wconf 86' lang='lat' dir='ltr'>ratione</span> <span class='ocrx_word' id='word_1_15' title='bbox 1126 685 1458 767; x_wconf 88' lang='lat' dir='ltr'>perspicua</span> <span class='ocrx_word' id='word_1_16' title='bbox 1487 684 1687 751; x_wconf 87' lang='lat' dir='ltr'>claret</span> <span class='ocrx_word' id='word_1_17' title='bbox 1737 685 1974 767; x_wconf 86' lang='lat' dir='ltr'>liquido</span> <span class='ocrx_word' id='word_1_18' title='bbox 2018 702 2143 750; x_wconf 88' lang='lat' dir='ltr'>non</span> <span class='ocrx_word' id='word_1_19' title='bbox 2187 684 2465 749; x_wconf 88' lang='lat' dir='ltr'>animam</span> <span class='ocrx_word' id='word_1_20' title='bbox 2508 683 2790 747; x_wconf 87' lang='lat' dir='ltr'>membro</span> <span class='ocrx_word' id='word_1_21' title='bbox 2827 681 2926 747; x_wconf 90' lang='lat' dir='ltr'>de-</span> 
     </span>
     <span class='ocr_line' id='line_1_4' title="bbox 675 784 2928 871; baseline -0.003 -17"><span class='ocrx_word' id='word_1_22' title='bbox 675 788 792 855; x_wconf 90' lang='lat' dir='ltr'>bili</span> <span class='ocrx_word' id='word_1_23' title='bbox 822 787 1109 853; x_wconf 77' lang='lat' dir='ltr'>localiter</span> <span class='ocrx_word' id='word_1_24' title='bbox 1141 786 1405 871; x_wconf 88' lang='lat' dir='ltr'>pulsam,</span> <span class='ocrx_word' id='word_1_25' title='bbox 1441 788 1548 851; x_wconf 89' lang='lat' dir='ltr'>sed</span> <span class='ocrx_word' id='word_1_26' title='bbox 1579 787 1659 852; x_wconf 87' lang='lat' dir='ltr'>ab</span> <span class='ocrx_word' id='word_1_27' title='bbox 1690 786 1936 853; x_wconf 87' lang='lat' dir='ltr'>animae</span> <span class='ocrx_word' id='word_1_28' title='bbox 1963 786 2313 852; x_wconf 87' lang='lat' dir='ltr'>intentione</span> <span class='ocrx_word' id='word_1_29' title='bbox 2340 784 2553 853; x_wconf 88' lang='lat' dir='ltr'>uiuaci</span> <span class='ocrx_word' id='word_1_30' title='bbox 2585 784 2928 850; x_wconf 86' lang='lat' dir='ltr'><strong>membrum</strong></span> 
     </span>
     <span class='ocr_line' id='line_1_5' title="bbox 676 887 2931 975; baseline -0.001 -20"><span class='ocrx_word' id='word_1_31' title='bbox 676 892 976 975; x_wconf 86' lang='lat' dir='ltr'>languore</span> <span class='ocrx_word' id='word_1_32' title='bbox 1033 893 1284 973; x_wconf 87' lang='lat' dir='ltr'>torpens</span> <span class='ocrx_word' id='word_1_33' title='bbox 1327 890 1507 955; x_wconf 85' lang='lat' dir='ltr'>uelut</span> <span class='ocrx_word' id='word_1_34' title='bbox 1553 890 1823 973; x_wconf 86' lang='lat' dir='ltr'>quadam</span> <span class='ocrx_word' id='word_1_35' title='bbox 1882 890 2101 956; x_wconf 86' lang='lat' dir='ltr'>mortis</span> <span class='ocrx_word' id='word_1_36' title='bbox 2162 889 2394 957; x_wconf 89' lang='lat' dir='ltr'>uicinia</span> <span class='ocrx_word' id='word_1_37' title='bbox 2452 887 2785 953; x_wconf 81' lang='lat' dir='ltr'>dissidere:</span> <span class='ocrx_word' id='word_1_38' title='bbox 2846 887 2931 952; x_wconf 87' lang='lat' dir='ltr'>ita</span> 
     </span>
     <span class='ocr_line' id='line_1_6' title="bbox 673 978 2982 1076; baseline -0.002 -18"><span class='ocrx_word' id='word_1_39' title='bbox 673 1012 821 1059; x_wconf 81' lang='lat' dir='ltr'>cum</span> <span class='ocrx_word' id='word_1_40' title='bbox 890 978 1181 1058; x_wconf 85' lang='lat' dir='ltr'>animalis</span> <span class='ocrx_word' id='word_1_41' title='bbox 1251 992 1603 1074; x_wconf 88' lang='lat' dir='ltr'>cuiuspiam</span> <span class='ocrx_word' id='word_1_42' title='bbox 1668 1008 1887 1076; x_wconf 90' lang='lat' dir='ltr'>corpus</span> <span class='ocrx_word' id='word_1_43' title='bbox 1964 992 2356 1059; x_wconf 76' lang='lat' dir='ltr'><strong>dissonantia</strong></span> <span class='ocrx_word' id='word_1_44' title='bbox 2420 990 2519 1056; x_wconf 86' lang='lat' dir='ltr'>sui</span> <span class='ocrx_word' id='word_1_45' title='bbox 2593 990 2929 1069; x_wconf 86' lang='lat' dir='ltr'>dissederit‚</span> <span class='ocrx_word' id='word_1_46' title='bbox 2962 1012 2982 1052; x_wconf 77' lang='lat'>⁵</span> 
     </span>
     <span class='ocr_line' id='line_1_7' title="bbox 677 1094 2929 1181; baseline -0.001 -20"><span class='ocrx_word' id='word_1_47' title='bbox 677 1096 1144 1163; x_wconf 74' lang='lat' dir='ltr'><strong>recurrentibus</strong></span> <span class='ocrx_word' id='word_1_48' title='bbox 1188 1098 1266 1162; x_wconf 90' lang='lat' dir='ltr'>ad</span> <span class='ocrx_word' id='word_1_49' title='bbox 1313 1098 1597 1181; x_wconf 83' lang='lat' dir='ltr'>regiones</span> <span class='ocrx_word' id='word_1_50' title='bbox 1641 1115 1785 1163; x_wconf 88' lang='lat' dir='ltr'>suas</span> <span class='ocrx_word' id='word_1_51' title='bbox 1844 1095 2299 1163; x_wconf 89' lang='lat' dir='ltr'>elementorum</span> <span class='ocrx_word' id='word_1_52' title='bbox 2346 1094 2679 1178; x_wconf 79' lang='lat' dir='ltr'>particulis</span> <span class='ocrx_word' id='word_1_53' title='bbox 2727 1094 2929 1159; x_wconf 86' lang='lat' dir='ltr'>anima</span> 
     </span>
     <span class='ocr_line' id='line_1_8' title="bbox 676 1198 2927 1283; baseline -0.001 -20"><span class='ocrx_word' id='word_1_54' title='bbox 676 1218 802 1266; x_wconf 90' lang='lat' dir='ltr'>non</span> <span class='ocrx_word' id='word_1_55' title='bbox 875 1200 1108 1266; x_wconf 85' lang='lat' dir='ltr'>habens</span> <span class='ocrx_word' id='word_1_56' title='bbox 1183 1218 1305 1283; x_wconf 93' lang='lat' dir='ltr'>quo</span> <span class='ocrx_word' id='word_1_57' title='bbox 1368 1201 1748 1265; x_wconf 87' lang='lat' dir='ltr'>intentiones</span> <span class='ocrx_word' id='word_1_58' title='bbox 1816 1218 1959 1267; x_wconf 87' lang='lat' dir='ltr'>suas</span> <span class='ocrx_word' id='word_1_59' title='bbox 2025 1200 2291 1282; x_wconf 81' lang='lat' dir='ltr'>explicet</span> <span class='ocrx_word' id='word_1_60' title='bbox 2357 1198 2614 1281; x_wconf 89' lang='lat' dir='ltr'>pecudis</span> <span class='ocrx_word' id='word_1_61' title='bbox 2674 1199 2927 1282; x_wconf 88' lang='lat' dir='ltr'>deperit,</span> 
     </span>
     <span class='ocr_line' id='line_1_9' title="bbox 675 1302 2929 1387; baseline -0.001 -20"><span class='ocrx_word' id='word_1_62' title='bbox 675 1302 948 1369; x_wconf 88' lang='lat' dir='ltr'>humana</span> <span class='ocrx_word' id='word_1_63' title='bbox 988 1303 1328 1387; x_wconf 88' lang='lat' dir='ltr'>requiescit</span> <span class='ocrx_word' id='word_1_64' title='bbox 1373 1305 1451 1369; x_wconf 87' lang='lat' dir='ltr'>ab</span> <span class='ocrx_word' id='word_1_65' title='bbox 1494 1304 1593 1368; x_wconf 89' lang='lat' dir='ltr'>his</span> <span class='ocrx_word' id='word_1_66' title='bbox 1638 1307 1851 1369; x_wconf 89' lang='lat' dir='ltr'>tamen</span> <span class='ocrx_word' id='word_1_67' title='bbox 1896 1306 2144 1371; x_wconf 89' lang='lat' dir='ltr'>tantum</span> <span class='ocrx_word' id='word_1_68' title='bbox 2188 1302 2488 1382; x_wconf 79' lang='lat' dir='ltr'>motibuS‚</span> <span class='ocrx_word' id='word_1_69' title='bbox 2536 1302 2761 1384; x_wconf 87' lang='lat' dir='ltr'>quibus</span> <span class='ocrx_word' id='word_1_70' title='bbox 2808 1320 2929 1367; x_wconf 87' lang='lat' dir='ltr'>cor-</span> 
     </span>
     <span class='ocr_line' id='line_1_10' title="bbox 675 1405 2726 1491; baseline -0.001 -20"><span class='ocrx_word' id='word_1_71' title='bbox 675 1423 792 1487; x_wconf 91' lang='lat' dir='ltr'>pus</span> <span class='ocrx_word' id='word_1_72' title='bbox 837 1407 1134 1473; x_wconf 88' lang='lat' dir='ltr'>mouebat</span> <span class='ocrx_word' id='word_1_73' title='bbox 1175 1425 1284 1488; x_wconf 88' lang='lat' dir='ltr'>per</span> <span class='ocrx_word' id='word_1_74' title='bbox 1329 1407 1464 1473; x_wconf 88' lang='lat' dir='ltr'>loca</span> <span class='ocrx_word' id='word_1_75' title='bbox 1509 1408 1645 1491; x_wconf 88' lang='lat' dir='ltr'>ipsa</span> <span class='ocrx_word' id='word_1_76' title='bbox 1689 1426 1798 1491; x_wconf 88' lang='lat' dir='ltr'>per</span> <span class='ocrx_word' id='word_1_77' title='bbox 1844 1409 2092 1490; x_wconf 89' lang='lat' dir='ltr'>tempus</span> <span class='ocrx_word' id='word_1_78' title='bbox 2139 1406 2493 1474; x_wconf 82' lang='lat' dir='ltr'>inlocaliter</span> <span class='ocrx_word' id='word_1_79' title='bbox 2538 1405 2726 1471; x_wconf 85' lang='lat' dir='ltr'>mota.</span> 
     </span>
    </p>
   </div>
   <div class='ocr_carea' id='block_1_3' title="bbox 668 1524 2981 2856">
    <p class='ocr_par' dir='ltr' id='par_1_3' title="bbox 668 1524 2981 2856">
     <span class='ocr_line' id='line_1_11' title="bbox 762 1524 2981 1610; baseline 0 -19"><span class='ocrx_word' id='word_1_80' title='bbox 762 1526 906 1591; x_wconf 89' lang='lat' dir='ltr'>Non</span> <span class='ocrx_word' id='word_1_81' title='bbox 951 1544 1017 1591; x_wconf 90' lang='lat' dir='ltr'>se</span> <span class='ocrx_word' id='word_1_82' title='bbox 1062 1546 1225 1592; x_wconf 89' lang='lat' dir='ltr'>nunc</span> <span class='ocrx_word' id='word_1_83' title='bbox 1271 1528 1484 1610; x_wconf 89' lang='lat' dir='ltr'>aliqua</span> <span class='ocrx_word' id='word_1_84' title='bbox 1541 1527 1745 1593; x_wconf 90' lang='lat' dir='ltr'>ueluti</span> <span class='ocrx_word' id='word_1_85' title='bbox 1802 1528 2161 1610; x_wconf 87' lang='lat' dir='ltr'>corpuscula</span> <span class='ocrx_word' id='word_1_86' title='bbox 2220 1527 2415 1592; x_wconf 90' lang='lat' dir='ltr'>oculis</span> <span class='ocrx_word' id='word_1_87' title='bbox 2473 1524 2707 1591; x_wconf 88' lang='lat' dir='ltr'>mentis</span> <span class='ocrx_word' id='word_1_88' title='bbox 2767 1524 2981 1591; x_wconf 79' lang='lat' dir='ltr'>obis-10</span> 
     </span>
     <span class='ocr_line' id='line_1_12' title="bbox 671 1629 2930 1715; baseline -0.001 -20"><span class='ocrx_word' id='word_1_89' title='bbox 671 1633 869 1705; x_wconf 80' lang='lat' dir='ltr'>etent,</span> <span class='ocrx_word' id='word_1_90' title='bbox 935 1634 1006 1695; x_wconf 91' lang='lat' dir='ltr'>ut</span> <span class='ocrx_word' id='word_1_91' title='bbox 1065 1631 1304 1695; x_wconf 86' lang='lat' dir='ltr'>animas</span> <span class='ocrx_word' id='word_1_92' title='bbox 1350 1632 1571 1715; x_wconf 86' lang='lat' dir='ltr'>positis</span> <span class='ocrx_word' id='word_1_93' title='bbox 1632 1631 1987 1714; x_wconf 88' lang='lat' dir='ltr'>corporibus</span> <span class='ocrx_word' id='word_1_94' title='bbox 2050 1630 2355 1713; x_wconf 85' lang='lat' dir='ltr'>quaedam</span> <span class='ocrx_word' id='word_1_95' title='bbox 2411 1630 2550 1695; x_wconf 89' lang='lat' dir='ltr'>loca</span> <span class='ocrx_word' id='word_1_96' title='bbox 2612 1629 2775 1695; x_wconf 89' lang='lat' dir='ltr'>aeris</span> <span class='ocrx_word' id='word_1_97' title='bbox 2832 1631 2930 1693; x_wconf 89' lang='lat' dir='ltr'>aut</span> 
     </span>
     <span class='ocr_line' id='line_1_13' title="bbox 673 1731 2929 1817; baseline -0.001 -19"><span class='ocrx_word' id='word_1_98' title='bbox 673 1734 1012 1799; x_wconf 90' lang='lat' dir='ltr'>cuiuslibet</span> <span class='ocrx_word' id='word_1_99' title='bbox 1058 1736 1350 1800; x_wconf 87' lang='lat' dir='ltr'>elementi</span> <span class='ocrx_word' id='word_1_100' title='bbox 1410 1753 1706 1817; x_wconf 88' lang='lat' dir='ltr'>occupare</span> <span class='ocrx_word' id='word_1_101' title='bbox 1766 1733 2117 1800; x_wconf 75' lang='lat' dir='ltr'>credamus,</span> <span class='ocrx_word' id='word_1_102' title='bbox 2191 1733 2589 1799; x_wconf 90' lang='lat' dir='ltr'>intellectum</span> <span class='ocrx_word' id='word_1_103' title='bbox 2634 1736 2841 1811; x_wconf 89' lang='lat' dir='ltr'>tuum,</span> <span class='ocrx_word' id='word_1_104' title='bbox 2884 1731 2929 1796; x_wconf 88' lang='lat' dir='ltr'>si</span> 
     </span>
     <span class='ocr_line' id='line_1_14' title="bbox 673 1835 2927 1921; baseline -0.001 -20"><span class='ocrx_word' id='word_1_105' title='bbox 673 1837 870 1919; x_wconf 78' lang='lat' dir='ltr'>poteS,</span> <span class='ocrx_word' id='word_1_106' title='bbox 928 1838 1247 1921; x_wconf 86' lang='lat' dir='ltr'>intellege,</span> <span class='ocrx_word' id='word_1_107' title='bbox 1307 1839 1405 1903; x_wconf 87' lang='lat' dir='ltr'>cui</span> <span class='ocrx_word' id='word_1_108' title='bbox 1464 1839 1581 1903; x_wconf 86' lang='lat' dir='ltr'>soli</span> <span class='ocrx_word' id='word_1_109' title='bbox 1629 1856 1769 1903; x_wconf 89' lang='lat' dir='ltr'>cum</span> <span class='ocrx_word' id='word_1_110' title='bbox 1830 1835 2047 1919; x_wconf 89' lang='lat' dir='ltr'>angelo</span> <span class='ocrx_word' id='word_1_111' title='bbox 2108 1836 2259 1902; x_wconf 85' lang='lat' dir='ltr'>haec</span> <span class='ocrx_word' id='word_1_112' title='bbox 2319 1835 2529 1901; x_wconf 89' lang='lat' dir='ltr'>uidere</span> <span class='ocrx_word' id='word_1_113' title='bbox 2574 1854 2927 1901; x_wconf 88' lang='lat' dir='ltr'>concessum</span> 
     </span>
     <span class='ocr_line' id='line_1_15' title="bbox 669 1939 2928 2024; baseline 0 -21"><span class='ocrx_word' id='word_1_114' title='bbox 669 1941 792 2006; x_wconf 88' lang='lat' dir='ltr'>est.</span> <span class='ocrx_word' id='word_1_115' title='bbox 867 1960 1020 2004; x_wconf 91' lang='lat' dir='ltr'>num</span> <span class='ocrx_word' id='word_1_116' title='bbox 1066 1940 1384 2023; x_wconf 87' lang='lat' dir='ltr'>quippiam</span> <span class='ocrx_word' id='word_1_117' title='bbox 1429 1940 1498 2004; x_wconf 89' lang='lat' dir='ltr'>in</span> <span class='ocrx_word' id='word_1_118' title='bbox 1542 1939 1874 2005; x_wconf 86' lang='lat' dir='ltr'>intellectu</span> <span class='ocrx_word' id='word_1_119' title='bbox 1902 1941 2011 2005; x_wconf 90' lang='lat' dir='ltr'>tuo</span> <span class='ocrx_word' id='word_1_120' title='bbox 2041 1939 2323 2024; x_wconf 85' lang='lat' dir='ltr'>longum,</span> <span class='ocrx_word' id='word_1_121' title='bbox 2359 1940 2565 2005; x_wconf 89' lang='lat' dir='ltr'>latum</span> <span class='ocrx_word' id='word_1_122' title='bbox 2594 1940 2705 2004; x_wconf 91' lang='lat' dir='ltr'>aut</span> <span class='ocrx_word' id='word_1_123' title='bbox 2736 1940 2928 2004; x_wconf 89' lang='lat' dir='ltr'>altum</span> 
     </span>
     <span class='ocr_line' id='line_1_16' title="bbox 672 2041 2978 2128; baseline -0.001 -23"><span class='ocrx_word' id='word_1_124' title='bbox 672 2041 895 2107; x_wconf 76' lang='lat' dir='ltr'>uides?</span> <span class='ocrx_word' id='word_1_125' title='bbox 959 2062 1108 2107; x_wconf 91' lang='lat' dir='ltr'>num</span> <span class='ocrx_word' id='word_1_126' title='bbox 1167 2044 1459 2128; x_wconf 87' lang='lat' dir='ltr'>splendor</span> <span class='ocrx_word' id='word_1_127' title='bbox 1514 2044 1703 2109; x_wconf 91' lang='lat' dir='ltr'>ullius</span> <span class='ocrx_word' id='word_1_128' title='bbox 1760 2062 2086 2126; x_wconf 81' lang='lat' dir='ltr'>corporeae</span> <span class='ocrx_word' id='word_1_129' title='bbox 2133 2043 2291 2109; x_wconf 88' lang='lat' dir='ltr'>lucis</span> <span class='ocrx_word' id='word_1_130' title='bbox 2336 2042 2428 2111; x_wconf 89' lang='lat' dir='ltr'>ibi</span> <span class='ocrx_word' id='word_1_131' title='bbox 2470 2041 2743 2107; x_wconf 77' lang='lat' dir='ltr'>rutilat?</span> <span class='ocrx_word' id='word_1_132' title='bbox 2788 2061 2978 2107; x_wconf 69' lang='lat' dir='ltr'>numu»</span> 
     </span>
     <span class='ocr_line' id='line_1_17' title="bbox 672 2144 2928 2229; baseline 0 -20"><span class='ocrx_word' id='word_1_133' title='bbox 672 2144 902 2228; x_wconf 87' lang='lat' dir='ltr'>aliquis</span> <span class='ocrx_word' id='word_1_134' title='bbox 951 2146 1298 2212; x_wconf 87' lang='lat' dir='ltr'>cantilenae</span> <span class='ocrx_word' id='word_1_135' title='bbox 1343 2147 1741 2221; x_wconf 86' lang='lat' dir='ltr'>modificatus</span> <span class='ocrx_word' id='word_1_136' title='bbox 1786 2147 1851 2211; x_wconf 93' lang='lat' dir='ltr'>et</span> <span class='ocrx_word' id='word_1_137' title='bbox 1894 2165 2005 2229; x_wconf 91' lang='lat' dir='ltr'>per</span> <span class='ocrx_word' id='word_1_138' title='bbox 2048 2150 2299 2229; x_wconf 90' lang='lat' dir='ltr'>tempus</span> <span class='ocrx_word' id='word_1_139' title='bbox 2342 2145 2545 2212; x_wconf 89' lang='lat' dir='ltr'>fluens</span> <span class='ocrx_word' id='word_1_140' title='bbox 2588 2163 2777 2211; x_wconf 88' lang='lat' dir='ltr'>canor</span> <span class='ocrx_word' id='word_1_141' title='bbox 2805 2144 2928 2209; x_wconf 83' lang='lat' dir='ltr'>illic</span> 
     </span>
     <span class='ocr_line' id='line_1_18' title="bbox 668 2248 2926 2332; baseline -0 -20"><span class='ocrx_word' id='word_1_142' title='bbox 668 2248 921 2313; x_wconf 87' lang='lat' dir='ltr'>insonat</span> <span class='ocrx_word' id='word_1_143' title='bbox 983 2250 1093 2314; x_wconf 88' lang='lat' dir='ltr'>aut</span> <span class='ocrx_word' id='word_1_144' title='bbox 1149 2250 1586 2332; x_wconf 40' lang='lat' dir='ltr'>euanescentis„</span> <span class='ocrx_word' id='word_1_145' title='bbox 1638 2249 2021 2332; x_wconf 88' lang='lat' dir='ltr'>fraglantiae</span> <span class='ocrx_word' id='word_1_146' title='bbox 2089 2250 2372 2315; x_wconf 89' lang='lat' dir='ltr'>suauitas</span> <span class='ocrx_word' id='word_1_147' title='bbox 2440 2250 2615 2315; x_wconf 87' lang='lat' dir='ltr'>halat</span> <span class='ocrx_word' id='word_1_148' title='bbox 2662 2254 2776 2313; x_wconf 87' lang='lat' dir='ltr'>aut</span> <span class='ocrx_word' id='word_1_149' title='bbox 2820 2248 2926 2315; x_wconf 88' lang='lat' dir='ltr'>ali·</span> 
     </span>
     <span class='ocr_line' id='line_1_19' title="bbox 671 2340 2925 2437; baseline -0.003 -18"><span class='ocrx_word' id='word_1_150' title='bbox 671 2353 824 2437; x_wconf 90' lang='lat' dir='ltr'>quid</span> <span class='ocrx_word' id='word_1_151' title='bbox 881 2354 1028 2419; x_wconf 89' lang='lat' dir='ltr'>istic</span> <span class='ocrx_word' id='word_1_152' title='bbox 1087 2354 1517 2437; x_wconf 85' lang='lat' dir='ltr'>corpulentum</span> <span class='ocrx_word' id='word_1_153' title='bbox 1572 2354 1736 2437; x_wconf 90' lang='lat' dir='ltr'>sapit</span> <span class='ocrx_word' id='word_1_154' title='bbox 1802 2356 1913 2418; x_wconf 87' lang='lat' dir='ltr'>aut</span> <span class='ocrx_word' id='word_1_155' title='bbox 1982 2353 2219 2435; x_wconf 88' lang='lat' dir='ltr'>aliquid</span> <span class='ocrx_word' id='word_1_156' title='bbox 2287 2353 2479 2417; x_wconf 90' lang='lat' dir='ltr'>molle</span> <span class='ocrx_word' id='word_1_157' title='bbox 2538 2340 2663 2418; x_wconf 77' lang='lat' dir='ltr'>uel&#39;</span> <span class='ocrx_word' id='word_1_158' title='bbox 2706 2353 2925 2417; x_wconf 90' lang='lat' dir='ltr'>durum</span> 
     </span>
     <span class='ocr_line' id='line_1_20' title="bbox 670 2448 2925 2542; baseline -0.003 -19"><span class='ocrx_word' id='word_1_159' title='bbox 670 2457 952 2524; x_wconf 87' lang='lat' dir='ltr'>localiter</span> <span class='ocrx_word' id='word_1_160' title='bbox 1009 2448 1220 2542; x_wconf 85' lang='lat' dir='ltr'>tangit</span> <span class='ocrx_word' id='word_1_161' title='bbox 1238 2458 1271 2524; x_wconf 68' lang='grc' dir='ltr'>Ρ</span> <span class='ocrx_word' id='word_1_162' title='bbox 1329 2459 1501 2523; x_wconf 89' lang='lat' dir='ltr'>uisus</span> <span class='ocrx_word' id='word_1_163' title='bbox 1560 2456 1735 2521; x_wconf 91' lang='lat' dir='ltr'>illius</span> <span class='ocrx_word' id='word_1_164' title='bbox 1796 2456 2089 2523; x_wconf 84' lang='lat' dir='ltr'>clarescit</span> <span class='ocrx_word' id='word_1_165' title='bbox 2147 2456 2501 2541; x_wconf 88' lang='lat' dir='ltr'>prudentia,</span> <span class='ocrx_word' id='word_1_166' title='bbox 2554 2454 2925 2521; x_wconf 84' lang='lat' dir='ltr'>tenebrescit</span> 
     </span>
     <span class='ocr_line' id='line_1_21' title="bbox 669 2557 2977 2644; baseline -0.001 -18"><span class='ocrx_word' id='word_1_167' title='bbox 669 2561 1050 2644; x_wconf 85' lang='lat' dir='ltr'>insipientia.</span> <span class='ocrx_word' id='word_1_168' title='bbox 1121 2560 1369 2626; x_wconf 87' lang='lat' dir='ltr'>auditus</span> <span class='ocrx_word' id='word_1_169' title='bbox 1414 2561 1590 2625; x_wconf 89' lang='lat' dir='ltr'>illius</span> <span class='ocrx_word' id='word_1_170' title='bbox 1624 2559 1880 2626; x_wconf 86' lang='lat' dir='ltr'>fallacia</span> <span class='ocrx_word' id='word_1_171' title='bbox 1911 2559 2269 2636; x_wconf 85' lang='lat' dir='ltr'>offenditur,</span> <span class='ocrx_word' id='word_1_172' title='bbox 2302 2561 2573 2626; x_wconf 87' lang='lat' dir='ltr'>ueritate</span> <span class='ocrx_word' id='word_1_173' title='bbox 2602 2557 2977 2624; x_wconf 73' lang='lat' dir='ltr'>mulcetumo</span> 
     </span>
     <span class='ocr_line' id='line_1_22' title="bbox 669 2647 2921 2747; baseline 0 -21"><span class='ocrx_word' id='word_1_174' title='bbox 669 2664 1020 2730; x_wconf 87' lang='lat' dir='ltr'>inlocaliter</span> <span class='ocrx_word' id='word_1_175' title='bbox 1076 2665 1174 2729; x_wconf 90' lang='lat' dir='ltr'>illi</span> <span class='ocrx_word' id='word_1_176' title='bbox 1215 2664 1450 2747; x_wconf 86' lang='lat' dir='ltr'>fraglat</span> <span class='ocrx_word' id='word_1_177' title='bbox 1497 2665 1799 2746; x_wconf 55' lang='lat' dir='ltr'>aequitas</span> <span class='ocrx_word' id='word_1_178' title='bbox 1868 2647 2059 2729; x_wconf 82' lang='lat' dir='ltr'>foetet</span> <span class='ocrx_word' id='word_1_179' title='bbox 2114 2664 2437 2746; x_wconf 88' lang='lat' dir='ltr'>iniquitas,</span> <span class='ocrx_word' id='word_1_180' title='bbox 2506 2665 2793 2728; x_wconf 87' lang='lat' dir='ltr'>uanitate</span> <span class='ocrx_word' id='word_1_181' title='bbox 2835 2667 2921 2726; x_wconf 87' lang='lat' dir='ltr'>ta-</span> 
     </span>
     <span class='ocr_line' id='line_1_23' title="bbox 668 2765 2922 2856; baseline 0 -26"><span class='ocrx_word' id='word_1_182' title='bbox 668 2766 888 2846; x_wconf 86' lang='lat' dir='ltr'>bescit,</span> <span class='ocrx_word' id='word_1_183' title='bbox 953 2767 1191 2835; x_wconf 88' lang='lat' dir='ltr'>uirtute</span> <span class='ocrx_word' id='word_1_184' title='bbox 1259 2768 1633 2856; x_wconf 88' lang='lat' dir='ltr'>pinguescit.</span> <span class='ocrx_word' id='word_1_185' title='bbox 1709 2768 1901 2832; x_wconf 87' lang='lat' dir='ltr'>miser</span> <span class='ocrx_word' id='word_1_186' title='bbox 1968 2769 2067 2833; x_wconf 90' lang='lat' dir='ltr'>est</span> <span class='ocrx_word' id='word_1_187' title='bbox 2129 2767 2533 2832; x_wconf 88' lang='lat' dir='ltr'>contubernio</span> <span class='ocrx_word' id='word_1_188' title='bbox 2599 2765 2922 2846; x_wconf 85' lang='lat' dir='ltr'>stultitiae,</span> 
     </span>
    </p>
   </div>
   <div class='ocr_carea' id='block_1_4' title="bbox 661 3055 2924 3736">
    <p class='ocr_par' dir='ltr' id='par_1_4' title="bbox 661 3055 2924 3736">
     <span class='ocr_line' id='line_1_24' title="bbox 772 3055 2924 3124; baseline 0.001 -16"><span class='ocrx_word' id='word_1_189' title='bbox 772 3055 806 3108; x_wconf 80' lang='lat'><strong>2</strong></span> <span class='ocrx_word' id='word_1_190' title='bbox 857 3056 1137 3124; x_wconf 78' lang='lat' dir='ltr'>prospicua</span> <span class='ocrx_word' id='word_1_191' title='bbox 1193 3055 1237 3110; x_wconf 85' lang='grc' dir='ltr'>Ο</span> <span class='ocrx_word' id='word_1_192' title='bbox 1467 3056 1649 3110; x_wconf 90' lang='lat' dir='ltr'>anima</span> <span class='ocrx_word' id='word_1_193' title='bbox 1704 3055 1758 3110; x_wconf 80' lang='lat' dir='ltr'><em>R</em></span> <span class='ocrx_word' id='word_1_194' title='bbox 1998 3057 2032 3110; x_wconf 89' lang='lat'><strong>3</strong></span> <span class='ocrx_word' id='word_1_195' title='bbox 2085 3056 2255 3110; x_wconf 82' lang='lat' dir='ltr'>nicaei</span> <span class='ocrx_word' id='word_1_196' title='bbox 2314 3055 2361 3110; x_wconf 81' lang='grc' dir='ltr'><em>Ο</em></span> <span class='ocrx_word' id='word_1_197' title='bbox 2593 3058 2630 3110; x_wconf 84' lang='grc'>4</span> <span class='ocrx_word' id='word_1_198' title='bbox 2681 3056 2924 3110; x_wconf 85' lang='lat' dir='ltr'>dissidere</span> 
     </span>
     <span class='ocr_line' id='line_1_25' title="bbox 665 3148 2924 3218; baseline -0 -14"><span class='ocrx_word' id='word_1_199' title='bbox 665 3149 965 3214; x_wconf 70' lang='lat' dir='ltr'>Bar-thius,</span> <span class='ocrx_word' id='word_1_200' title='bbox 1025 3148 1288 3202; x_wconf 85' lang='lat' dir='ltr'>dissidens</span> <span class='ocrx_word' id='word_1_201' title='bbox 1335 3149 1408 3204; x_wconf 87' lang='lat' dir='ltr'><strong><em>M</em></strong></span> <span class='ocrx_word' id='word_1_202' title='bbox 1445 3165 1717 3218; x_wconf 61' lang='lat' dir='ltr'>super-scr.</span> <span class='ocrx_word' id='word_1_203' title='bbox 1764 3165 1912 3204; x_wconf 81' lang='lat' dir='ltr'>mom.</span> <span class='ocrx_word' id='word_1_204' title='bbox 1958 3165 2063 3204; x_wconf 81' lang='lat' dir='ltr'>rec.</span> <span class='ocrx_word' id='word_1_205' title='bbox 2106 3157 2160 3204; x_wconf 80' lang='lat' dir='ltr'>et</span> <span class='ocrx_word' id='word_1_206' title='bbox 2202 3150 2259 3215; x_wconf 84' lang='lat' dir='ltr'>b,</span> <span class='ocrx_word' id='word_1_207' title='bbox 2320 3149 2665 3204; x_wconf 81' lang='lat' dir='ltr'>dissidentem</span> <span class='ocrx_word' id='word_1_208' title='bbox 2715 3152 2847 3206; x_wconf 74' lang='lat' dir='ltr'>libri</span> <span class='ocrx_word' id='word_1_209' title='bbox 2879 3155 2924 3204; x_wconf 79' lang='lat' dir='ltr'>et</span> 
     </span>
     <span class='ocr_line' id='line_1_26' title="bbox 668 3252 2923 3323; baseline 0 -15"><span class='ocrx_word' id='word_1_210' title='bbox 668 3252 788 3309; x_wconf 58' lang='lat' dir='ltr'>Sela.</span> <span class='ocrx_word' id='word_1_211' title='bbox 1008 3254 1042 3308; x_wconf 87' lang='grc'>5</span> <span class='ocrx_word' id='word_1_212' title='bbox 1087 3253 1371 3308; x_wconf 85' lang='lat' dir='ltr'>dissederit</span> <span class='ocrx_word' id='word_1_213' title='bbox 1415 3254 1637 3323; x_wconf 76' lang='lat' dir='ltr'>scripsi,</span> <span class='ocrx_word' id='word_1_214' title='bbox 1698 3254 1957 3308; x_wconf 87' lang='lat' dir='ltr'>desiderit</span> <span class='ocrx_word' id='word_1_215' title='bbox 2003 3254 2078 3308; x_wconf 84' lang='lat' dir='ltr'><strong><em>M</em></strong></span> <span class='ocrx_word' id='word_1_216' title='bbox 2086 3255 2115 3308; x_wconf 86' lang='lat' dir='ltr'><strong><em>b</em></strong></span> <span class='ocrx_word' id='word_1_217' title='bbox 2130 3295 2143 3321; x_wconf 91' lang='lat'>‚</span> <span class='ocrx_word' id='word_1_218' title='bbox 2203 3254 2482 3308; x_wconf 87' lang='lat' dir='ltr'>disciuerit</span> <span class='ocrx_word' id='word_1_219' title='bbox 2528 3255 2649 3310; x_wconf 79' lang='lat' dir='ltr'>rell.</span> <span class='ocrx_word' id='word_1_220' title='bbox 2695 3261 2753 3311; x_wconf 72' lang='lat' dir='ltr'>et</span> <span class='ocrx_word' id='word_1_221' title='bbox 2798 3255 2923 3320; x_wconf 60' lang='lat' dir='ltr'>Solu,</span> 
     </span>
     <span class='ocr_line' id='line_1_27' title="bbox 666 3347 2923 3442; baseline 0.001 -16"><span class='ocrx_word' id='word_1_222' title='bbox 666 3373 886 3427; x_wconf 88' lang='lat' dir='ltr'>desierit</span> <span class='ocrx_word' id='word_1_223' title='bbox 914 3390 958 3442; x_wconf 77' lang='lat' dir='ltr'>p</span> <span class='ocrx_word' id='word_1_224' title='bbox 1167 3374 1199 3428; x_wconf 89' lang='lat'>6</span> <span class='ocrx_word' id='word_1_225' title='bbox 1234 3347 1628 3428; x_wconf 55' lang='lat' dir='ltr'>reossrrentibus</span> <span class='ocrx_word' id='word_1_226' title='bbox 1665 3375 1721 3430; x_wconf 78' lang='lat' dir='ltr'><em>R</em></span> <span class='ocrx_word' id='word_1_227' title='bbox 1926 3375 1960 3429; x_wconf 90' lang='lat'>8</span> <span class='ocrx_word' id='word_1_228' title='bbox 1995 3377 2176 3428; x_wconf 88' lang='lat' dir='ltr'>tamen</span> <span class='ocrx_word' id='word_1_229' title='bbox 2214 3391 2313 3429; x_wconf 88' lang='lat' dir='ltr'>om.</span> <span class='ocrx_word' id='word_1_230' title='bbox 2352 3373 2415 3428; x_wconf 67' lang='lat' dir='ltr'>S*</span> <span class='ocrx_word' id='word_1_231' title='bbox 2612 3376 2648 3430; x_wconf 87' lang='grc'>9</span> <span class='ocrx_word' id='word_1_232' title='bbox 2682 3378 2923 3430; x_wconf 87' lang='lat' dir='ltr'>mouetur</span> 
     </span>
     <span class='ocr_line' id='line_1_28' title="bbox 661 3477 2919 3550; baseline 0 -19"><span class='ocrx_word' id='word_1_233' title='bbox 661 3477 772 3531; x_wconf 82' lang='lat' dir='ltr'>Mb</span> <span class='ocrx_word' id='word_1_234' title='bbox 979 3477 1046 3530; x_wconf 91' lang='lat'>10</span> <span class='ocrx_word' id='word_1_235' title='bbox 1081 3479 1285 3530; x_wconf 84' lang='lat' dir='ltr'>mentes</span> <span class='ocrx_word' id='word_1_236' title='bbox 1321 3477 1663 3534; x_wconf 84' lang='lat' dir='ltr'><strong>ABF¹H¹R</strong></span> <span class='ocrx_word' id='word_1_237' title='bbox 1873 3480 1936 3532; x_wconf 93' lang='grc'>11</span> <span class='ocrx_word' id='word_1_238' title='bbox 1981 3478 2191 3531; x_wconf 87' lang='lat' dir='ltr'>animus</span> <span class='ocrx_word' id='word_1_239' title='bbox 2228 3478 2285 3532; x_wconf 87' lang='lat' dir='ltr'><em>R</em></span> <span class='ocrx_word' id='word_1_240' title='bbox 2492 3479 2804 3547; x_wconf 86' lang='lat' dir='ltr'>corporibus</span> <span class='ocrx_word' id='word_1_241' title='bbox 2837 3495 2919 3550; x_wconf 89' lang='lat' dir='ltr'>po-</span> 
     </span>
     <span class='ocr_line' id='line_1_29' title="bbox 663 3570 2919 3640; baseline 0.001 -16"><span class='ocrx_word' id='word_1_242' title='bbox 663 3572 786 3624; x_wconf 87' lang='lat' dir='ltr'>sitis</span> <span class='ocrx_word' id='word_1_243' title='bbox 829 3570 886 3626; x_wconf 81' lang='lat' dir='ltr'><em>R</em></span> <span class='ocrx_word' id='word_1_244' title='bbox 1093 3572 1159 3624; x_wconf 89' lang='lat'>13</span> <span class='ocrx_word' id='word_1_245' title='bbox 1203 3573 1384 3640; x_wconf 87' lang='lat' dir='ltr'>potest</span> <span class='ocrx_word' id='word_1_246' title='bbox 1437 3571 1542 3626; x_wconf 71' lang='lat'>68¹</span> <span class='ocrx_word' id='word_1_247' title='bbox 1748 3573 1860 3625; x_wconf 92' lang='lat' dir='ltr'>solo</span> <span class='ocrx_word' id='word_1_248' title='bbox 1908 3571 2017 3626; x_wconf 77' lang='lat' dir='ltr'>HS</span> <span class='ocrx_word' id='word_1_249' title='bbox 2216 3577 2459 3626; x_wconf 71' lang='lat' dir='ltr'>ficensum</span> <span class='ocrx_word' id='word_1_250' title='bbox 2495 3574 2549 3627; x_wconf 86' lang='lat' dir='ltr'><strong><em>A</em></strong></span> <span class='ocrx_word' id='word_1_251' title='bbox 2760 3575 2827 3629; x_wconf 85' lang='lat'>14</span> <span class='ocrx_word' id='word_1_252' title='bbox 2868 3575 2919 3626; x_wconf 90' lang='lat' dir='ltr'>in</span> 
     </span>
     <span class='ocr_line' id='line_1_30' title="bbox 663 3665 2918 3736; baseline 0 -16"><span class='ocrx_word' id='word_1_253' title='bbox 663 3681 768 3720; x_wconf 87' lang='lat' dir='ltr'>om.</span> <span class='ocrx_word' id='word_1_254' title='bbox 807 3665 854 3720; x_wconf 75' lang='lat' dir='ltr'><strong><em>S</em></strong></span> <span class='ocrx_word' id='word_1_255' title='bbox 1040 3666 1102 3719; x_wconf 90' lang='lat'>15</span> <span class='ocrx_word' id='word_1_256' title='bbox 1137 3666 1292 3718; x_wconf 89' lang='lat' dir='ltr'>illius</span> <span class='ocrx_word' id='word_1_257' title='bbox 1321 3682 1366 3736; x_wconf 77' lang='lat' dir='ltr'>p</span> <span class='ocrx_word' id='word_1_258' title='bbox 1557 3667 1623 3721; x_wconf 89' lang='lat'>16</span> <span class='ocrx_word' id='word_1_259' title='bbox 1660 3666 1831 3736; x_wconf 84' lang='lat' dir='ltr'>aliqui</span> <span class='ocrx_word' id='word_1_260' title='bbox 1872 3666 2153 3734; x_wconf 77' lang='lat' dir='ltr'><strong><em>GHLRS,</em></strong></span> <span class='ocrx_word' id='word_1_261' title='bbox 2214 3666 2420 3736; x_wconf 90' lang='lat' dir='ltr'>aliquid</span> <span class='ocrx_word' id='word_1_262' title='bbox 2454 3668 2529 3720; x_wconf 87' lang='lat' dir='ltr'><strong><em>M</em></strong></span> <span class='ocrx_word' id='word_1_263' title='bbox 2534 3667 2565 3722; x_wconf 87' lang='lat' dir='ltr'><strong><em>b</em></strong></span> <span class='ocrx_word' id='word_1_264' title='bbox 2746 3669 2918 3722; x_wconf 86' lang='lat' dir='ltr'>fruens</span> 
     </span>
    </p>
   </div>
   <div class='ocr_carea' id='block_1_5' title="bbox 652 3758 2918 4395">
    <p class='ocr_par' dir='ltr' id='par_1_5' title="bbox 652 3758 2918 4395">
     <span class='ocr_line' id='line_1_31' title="bbox 662 3758 2918 3831; baseline 0.001 -17"><span class='ocrx_word' id='word_1_265' title='bbox 662 3759 774 3814; x_wconf 86' lang='lat' dir='ltr'>Mb</span> <span class='ocrx_word' id='word_1_266' title='bbox 991 3758 1186 3813; x_wconf 86' lang='lat' dir='ltr'>candor</span> <span class='ocrx_word' id='word_1_267' title='bbox 1239 3759 1294 3814; x_wconf 83' lang='lat' dir='ltr'><strong><em>L</em></strong></span> <span class='ocrx_word' id='word_1_268' title='bbox 1528 3761 1595 3815; x_wconf 82' lang='grc'>17</span> <span class='ocrx_word' id='word_1_269' title='bbox 1646 3761 1973 3831; x_wconf 84' lang='lat' dir='ltr'>fraglantiae</span> <span class='ocrx_word' id='word_1_270' title='bbox 2023 3760 2350 3826; x_wconf 65' lang='lat' dir='ltr'><strong><em>DEFM82,</em></strong></span> <span class='ocrx_word' id='word_1_271' title='bbox 2420 3760 2742 3830; x_wconf 87' lang='lat' dir='ltr'>flagrantiae</span> <span class='ocrx_word' id='word_1_272' title='bbox 2791 3763 2918 3830; x_wconf 60' lang='lat' dir='ltr'>rell„</span> 
     </span>
     <span class='ocr_line' id='line_1_32' title="bbox 657 3853 2916 3923; baseline 0.003 -16"><span class='ocrx_word' id='word_1_273' title='bbox 657 3853 990 3922; x_wconf 82' lang='lat' dir='ltr'>fragrantiae</span> <span class='ocrx_word' id='word_1_274' title='bbox 1026 3853 1258 3909; x_wconf 79' lang='lat' dir='ltr'>editores</span> <span class='ocrx_word' id='word_1_275' title='bbox 1445 3856 1560 3910; x_wconf 88' lang='lat' dir='ltr'>alat</span> <span class='ocrx_word' id='word_1_276' title='bbox 1595 3855 1787 3923; x_wconf 81' lang='lat' dir='ltr'><strong><em>MRb,</em></strong></span> <span class='ocrx_word' id='word_1_277' title='bbox 1847 3857 2067 3911; x_wconf 85' lang='lat' dir='ltr'>halatur</span> <span class='ocrx_word' id='word_1_278' title='bbox 2101 3855 2525 3910; x_wconf 73' lang='lat' dir='ltr'><strong><em>ABDE¹FGP</em></strong></span> <span class='ocrx_word' id='word_1_279' title='bbox 2717 3860 2784 3914; x_wconf 90' lang='lat'>18</span> <span class='ocrx_word' id='word_1_280' title='bbox 2819 3861 2916 3913; x_wconf 88' lang='lat' dir='ltr'>ista</span> 
     </span>
     <span class='ocr_line' id='line_1_33' title="bbox 657 3948 2915 4020; baseline 0.003 -18"><span class='ocrx_word' id='word_1_281' title='bbox 657 3949 971 4002; x_wconf 80' lang='lat' dir='ltr'><em>ABDE¹F</em></span> <span class='ocrx_word' id='word_1_282' title='bbox 991 3948 1110 4004; x_wconf 78' lang='lat' dir='ltr'>Sch.</span> <span class='ocrx_word' id='word_1_283' title='bbox 1145 3950 1210 4005; x_wconf 77' lang='lat' dir='ltr'>in</span> <span class='ocrx_word' id='word_1_284' title='bbox 1245 3950 1414 4016; x_wconf 73' lang='lat' dir='ltr'>notia,</span> <span class='ocrx_word' id='word_1_285' title='bbox 1475 3951 1578 4004; x_wconf 89' lang='lat' dir='ltr'>stic</span> <span class='ocrx_word' id='word_1_286' title='bbox 1621 3950 1696 4004; x_wconf 84' lang='lat' dir='ltr'><strong><em>M</em></strong></span> <span class='ocrx_word' id='word_1_287' title='bbox 1899 3951 2226 4020; x_wconf 87' lang='lat' dir='ltr'>corpulentia</span> <span class='ocrx_word' id='word_1_288' title='bbox 2263 3949 2496 4006; x_wconf 84' lang='lat' dir='ltr'><strong><em>BDEF</em></strong></span> <span class='ocrx_word' id='word_1_289' title='bbox 2514 3950 2634 4007; x_wconf 54' lang='lat' dir='ltr'>Sela</span> <span class='ocrx_word' id='word_1_290' title='bbox 2670 3952 2735 4006; x_wconf 79' lang='lat' dir='ltr'>in</span> <span class='ocrx_word' id='word_1_291' title='bbox 2766 3955 2915 4018; x_wconf 69' lang='lat' dir='ltr'>notia,</span> 
     </span>
     <span class='ocr_line' id='line_1_34' title="bbox 653 4043 2914 4117; baseline 0.002 -22"><span class='ocrx_word' id='word_1_292' title='bbox 653 4043 1048 4112; x_wconf 79' lang='lat' dir='ltr'>corpulentiam</span> <span class='ocrx_word' id='word_1_293' title='bbox 1101 4046 1182 4108; x_wconf 78' lang='lat' dir='ltr'>A,</span> <span class='ocrx_word' id='word_1_294' title='bbox 1258 4045 1619 4114; x_wconf 80' lang='lat' dir='ltr'>corpolentum</span> <span class='ocrx_word' id='word_1_295' title='bbox 1672 4046 1729 4101; x_wconf 85' lang='lat' dir='ltr'><strong><em>R</em></strong></span> <span class='ocrx_word' id='word_1_296' title='bbox 1958 4046 2099 4100; x_wconf 88' lang='lat' dir='ltr'>mole</span> <span class='ocrx_word' id='word_1_297' title='bbox 2151 4045 2207 4102; x_wconf 81' lang='lat' dir='ltr'><strong><em>R</em></strong></span> <span class='ocrx_word' id='word_1_298' title='bbox 2442 4046 2507 4100; x_wconf 90' lang='grc'><strong>19</strong></span> <span class='ocrx_word' id='word_1_299' title='bbox 2561 4048 2746 4117; x_wconf 87' lang='lat' dir='ltr'>tangit</span> <span class='ocrx_word' id='word_1_300' title='bbox 2794 4048 2865 4102; x_wconf 89' lang='lat' dir='ltr'><strong><em>M</em></strong></span> <span class='ocrx_word' id='word_1_301' title='bbox 2873 4045 2914 4111; x_wconf 76' lang='lat' dir='ltr'>b,</span> 
     </span>
     <span class='ocr_line' id='line_1_35' title="bbox 656 4137 2915 4210; baseline 0.001 -19"><span class='ocrx_word' id='word_1_302' title='bbox 656 4137 912 4206; x_wconf 87' lang='lat' dir='ltr'>tangitur</span> <span class='ocrx_word' id='word_1_303' title='bbox 956 4138 1076 4194; x_wconf 80' lang='lat' dir='ltr'>rell.</span> <span class='ocrx_word' id='word_1_304' title='bbox 1113 4143 1164 4193; x_wconf 81' lang='lat' dir='ltr'>et</span> <span class='ocrx_word' id='word_1_305' title='bbox 1201 4137 1318 4193; x_wconf 71' lang='grc' dir='ltr'>Βοὴ.</span> <span class='ocrx_word' id='word_1_306' title='bbox 1527 4139 1833 4210; x_wconf 88' lang='lat' dir='ltr'>prudentia]</span> <span class='ocrx_word' id='word_1_307' title='bbox 1882 4141 2149 4208; x_wconf 86' lang='lat' dir='ltr'>sapientia</span> <span class='ocrx_word' id='word_1_308' title='bbox 2189 4140 2302 4209; x_wconf 71' lang='lat'><strong><em>(7102</em></strong></span> <span class='ocrx_word' id='word_1_309' title='bbox 2508 4141 2579 4195; x_wconf 78' lang='lat'>20</span> <span class='ocrx_word' id='word_1_310' title='bbox 2629 4141 2915 4196; x_wconf 86' lang='lat' dir='ltr'>offunditur</span> 
     </span>
     <span class='ocr_line' id='line_1_36' title="bbox 659 4230 2789 4292; baseline 0.002 -6"><span class='ocrx_word' id='word_1_311' title='bbox 659 4230 764 4286; x_wconf 79' lang='lat' dir='ltr'>LS</span> <span class='ocrx_word' id='word_1_312' title='bbox 929 4231 1197 4286; x_wconf 84' lang='lat' dir='ltr'>unitatem</span> <span class='ocrx_word' id='word_1_313' title='bbox 1231 4233 1288 4288; x_wconf 85' lang='lat' dir='ltr'><em>R</em></span> <span class='ocrx_word' id='word_1_314' title='bbox 1458 4233 1719 4288; x_wconf 87' lang='lat' dir='ltr'>mulcitur</span> <span class='ocrx_word' id='word_1_315' title='bbox 1760 4233 2023 4290; x_wconf 78' lang='lat' dir='ltr'><strong><em>GHLRS</em></strong></span> <span class='ocrx_word' id='word_1_316' title='bbox 2193 4235 2260 4288; x_wconf 82' lang='lat'>21</span> <span class='ocrx_word' id='word_1_317' title='bbox 2296 4235 2413 4290; x_wconf 86' lang='lat' dir='ltr'>illic</span> <span class='ocrx_word' id='word_1_318' title='bbox 2449 4236 2521 4290; x_wconf 91' lang='lat' dir='ltr'><strong><em>M</em></strong></span> <span class='ocrx_word' id='word_1_319' title='bbox 2556 4235 2789 4292; x_wconf 76' lang='lat' dir='ltr'>editores</span> 
     </span>
     <span class='ocr_line' id='line_1_37' title="bbox 652 4325 1571 4395; baseline 0.003 -16"><span class='ocrx_word' id='word_1_320' title='bbox 652 4325 864 4395; x_wconf 82' lang='lat' dir='ltr'>fraglat</span> <span class='ocrx_word' id='word_1_321' title='bbox 898 4325 1143 4380; x_wconf 85' lang='lat' dir='ltr'><strong><em>DEFM</em></strong></span> <span class='ocrx_word' id='word_1_322' title='bbox 1153 4366 1165 4393; x_wconf 92' lang='lat'>,</span> <span class='ocrx_word' id='word_1_323' title='bbox 1225 4327 1421 4395; x_wconf 87' lang='lat' dir='ltr'>flagrat</span> <span class='ocrx_word' id='word_1_324' title='bbox 1454 4328 1571 4384; x_wconf 78' lang='lat' dir='ltr'>rell.</span> 
     </span>
    </p>
   </div>
   <div class='ocr_carea' id='block_1_6' title="bbox 3074 12 3081 1497">
    <p class='ocr_par' dir='ltr' id='par_1_6' title="bbox 3074 12 3081 1497">
     <span class='ocr_line' id='line_1_38' title="bbox 3074 12 3081 1497; baseline 0 0"><span class='ocrx_word' id='word_1_325' title='bbox 3074 12 3081 1497; x_wconf 95' lang='lat' dir='ltr'> </span> 
     </span>
    </p>
   </div>
   <div class='ocr_carea' id='block_1_7' title="bbox 3074 2647 3081 3536">
    <p class='ocr_par' dir='ltr' id='par_1_7' title="bbox 3074 2647 3081 3536">
     <span class='ocr_line' id='line_1_39' title="bbox 3074 2647 3081 3536; baseline 0 0"><span class='ocrx_word' id='word_1_326' title='bbox 3074 2647 3081 3536; x_wconf 95' lang='lat' dir='ltr'> </span> 
     </span>
    </p>
   </div>
  </div>
 </body>
</html>
