3175 5050
977 412 1072 468 De
1107 414 1296 468 statu
1331 412 1601 468 animae
1645 412 1737 468 111
1774 413 1855 468 18.
2372 363 2381 374 Ι
2428 412 2551 482 189

1279 600 1546 685 XVIII.

285 795 362 843 m
405 793 569 842 an
613 793 712 840 HV
713 791 824 841 IVS
881 791 1071 840 LIBRI
1114 791 1384 841 VENIAM
1424 791 1472 839 A
1517 790 1646 840 SVO
1691 791 1891 842 PETIT
1946 790 2419 842 CONFLIGTORE
2460 792 2550 840 m·

420 895 633 945 INTER
674 894 1054 954 VTRVMQVE
1099 893 1471 943 CERTAMEN
1514 893 1727 942 IPSVM
1770 895 2059 944 DELIGI'I'
2102 893 2417 944 IVDIOEM.

375 1034 464 1099 Te
529 1051 711 1112 nunc,
772 1031 1032 1116 quisque
1104 1032 1214 1095 ille
1265 1051 1328 1096 es
1385 1031 1683 1096 aduersus
1753 1031 1933 1097 cuius
1992 1030 2237 1116 sscripta
2304 1033 2553 1097 nosmet

247 1137 520 1206 einiuria
567 1137 940 1218 scriptorum
986 1135 1237 1200 tuorum
1281 1133 1489 1200 dicere
1535 1134 1833 1216 conpulit,
1882 1129 1987 1200 oro
2034 1151 2385 1218 quaesoque
2430 1153 2551 1200 non

289 1239 663 1306 obirascaris
708 1239 890 1318 mihi,
935 1256 1134 1320 neque
1177 1237 1344 1302 enim
1389 1238 1741 1302 conuicium
1786 1237 2005 1303 rettuli
2049 1256 2249 1321 neque
2300 1239 2552 1323 rependi

289 1343 715 1409 maledictum.
790 1343 987 1407 solam
1062 1340 1184 1406 tibi
1250 1359 1361 1422 pro
1429 1339 1710 1406 falsitate
1776 1340 2115 1408 ueritatem
2180 1340 2350 1408 haud
2416 1339 2552 1424 pari

287 1447 716 1514 uicissitudine
772 1444 1203 1528 reponderaui‚
1265 1445 1394 1509 illis
1455 1463 1568 1528 ego
1615 1463 1792 1528 quae,
1833 1464 1960 1528 quo
2004 1445 2209 1528 magis
2252 1447 2385 1528 tua,
2432 1444 2553 1510 tibi

289 1550 494 1633 magis
553 1551 738 1614 noxia
791 1552 940 1644 sunt
997 1547 1392 1614 aduersarius
1437 1566 1580 1613 sum
1637 1566 1865 1630 eroque
1916 1551 2105 1630 atque
2162 1547 2260 1614 uti
2318 1547 2553 1615 eisdem

223 1683 276 1723 ιο
289 1653 421 1735 ipse
465 1670 706 1735 quoque
750 1652 1078 1718 aduersere
1123 1669 1311 1717 causa
1353 1650 1452 1716 tui
1491 1652 1745 1718 suadeo.
1814 1669 2020 1736 pauca
2063 1652 2217 1717 haec
2244 1653 2309 1717 et
2343 1650 2551 1731 exilia,

293 1760 483 1837 prout
549 1760 794 1822 arctum
858 1754 1160 1838 temporis
1229 1755 1399 1831 sinit,
1458 1774 1753 1838 responsa
1823 1755 2135 1835 redhibui,
2203 1757 2275 1820 tu
2342 1760 2552 1820 tecum

292 1861 630 1943 utrumque
672 1864 937 1942 pensato
983 1862 1046 1924 et
1087 1860 1254 1924 inter
1299 1877 1400 1923 me
1443 1858 1631 1941 teque
1674 1877 2009 1942 personam
2052 1857 2274 1924 iudicis
2318 1859 2551 1924 sumito

293 1962 708 2045 adhibetoque
765 1964 1046 2028 iustitiae
1103 1963 1351 2030 libram.
1428 1962 1482 2028 si
1529 1963 1678 2028 lanx
1727 1966 1943 2028 nostra
1998 1963 2250 2046 pronior
2294 1963 2359 2026 et
2402 1977 2552 2026 uero

291 2065 565 2148 grauior,
613 2085 738 2131 non
767 2066 980 2152 pigeat
1023 2086 1220 2149 neque
1264 2068 1496 2150 pudeat
1527 2086 1564 2130 a
1595 2066 1940 2149 transfugio
1985 2064 2301 2149 refugium
2345 2064 2550 2130 facere

223 2195 274 2235 ιε
293 2170 357 2234 et
401 2187 438 2235 a
482 2168 765 2236 falsitate
819 2169 936 2235 sub
993 2171 1261 2235 ueritate
1320 2169 1554 2236 cedere.
1631 2170 1747 2246 sin,
1802 2170 1967 2253 quod
2012 2187 2125 2253 ego
2182 2167 2378 2233 nolim
2432 2184 2549 2233 nec
2653 2193 2663 2202 ·

293 2272 454 2336 faxis
497 2291 796 2354 persuasu
833 2275 1019 2350 istuc,
1065 2272 1353 2360 uti<que>
1383 2272 1726 2340 obstinatio
1758 2274 1870 2348 est,
1906 2273 2070 2338 edito
2098 2289 2209 2354 pro
2240 2271 2550 2335 sententia

289 2375 401 2439 tua
469 2376 709 2458 aliquid
780 2377 1117 2461 publicitus
1189 2376 1607 2443 lectitandum
1681 2393 1877 2457 neque
1949 2392 2175 2439 nomen
2244 2374 2550 2440 occulito:

396 2614 431 2667 2
485 2629 517 2667 a
569 2613 1088 2683 suo—conflictore]
1142 2614 1631 2668 suo—conflictori
1683 2614 1761 2668 M
1996 2614 2033 2669 4
2086 2616 2329 2685 quisquis
2379 2631 2419 2683 p

293 2703 498 2771 scripta
531 2718 634 2757 om.
672 2701 726 2755 L
929 2702 964 2756 5
998 2702 1201 2756 iniuriii
1239 2701 1361 2767 128,
1419 2701 1623 2757 iniuria
1657 2701 1773 2756 Mb
1977 2700 2238 2771 compluit
2275 2701 2359 2769 B,
2416 2716 2557 2755 com-

293 2787 364 2841 lit
398 2790 455 2841 A
645 2788 678 2842 6
713 2786 914 2841 redtuli
946 2788 1090 2853 BH,
1154 2787 1346 2843 rectuli
1380 2789 1466 2856 A,
1525 2787 1691 2842 retuli
1726 2787 1844 2842 rell.
1881 2792 1934 2843 et
1970 2788 2203 2843 editores
2393 2788 2425 2841 7
2462 2789 2558 2843 aut

292 2874 604 2939 ABGGH,
658 2874 794 2929 haut
841 2874 888 2929 S
1087 2890 1187 2944 par
1223 2890 1270 2943 p
1475 2874 1509 2928 8
1557 2889 1657 2941 ego
1693 2873 1845 2943 quae]
1884 2890 2009 2943 ergo
2045 2890 2180 2943 quae
2214 2873 2297 2939 B,
2356 2888 2559 2944 egoque

293 2960 325 3015 b
531 2976 668 3029 quae
722 2976 822 3015 om.
879 2958 1003 3014 Βοὴ.
1209 2976 1313 3029 quo
1367 2976 1468 3014 om.
1516 2962 1582 3028 φ’*
1788 2962 1886 3013 tua
1936 2960 2045 3014 tibi
2096 2960 2161 3014 in
2204 2976 2317 3015 ras.
2366 2959 2422 3014 B

293 3046 327 3100 9
375 3047 610 3102 alterum
653 3046 832 3116 magis
879 3062 979 3101 om.
1021 3046 1075 3103 G
1110 3052 1164 3101 et
1189 3062 1235 3115 p
1443 3045 1683 3100 eiusdem
1736 3046 1844 3101 BG
2047 3046 2113 3099 10
2166 3045 2452 3101 aduerssre
2503 3048 2559 3101 A

293 3131 402 3186 Mb
605 3131 782 3187 causis
816 3132 929 3186 tuis
977 3132 1092 3187 Mb
1304 3133 1362 3186 11
1410 3132 1547 3186 sinit
1587 3132 1851 3188 Galland.
2060 3132 2127 3185 12
2172 3133 2428 3187 summito
2473 3133 2558 3199 M,

293 3216 556 3271 submitto
608 3218 641 3272 b
849 3218 917 3272 13
970 3217 1318 3287 adhibitoque
1371 3218 1501 3273 libri
1553 3225 1607 3273 et
1659 3218 1911 3284 editos-ee,
1958 3233 2102 3273 corr.
2148 3219 2422 3274 Bau-thius

291 3302 556 3373 iustitiae]
595 3302 640 3356 si
680 3301 811 3357 add.
847 3304 903 3357 A
1142 3303 1270 3357 lanx
1306 3304 1403 3371 13²,
1464 3304 1622 3359 lancx
1666 3304 1735 3369 Ο,
1792 3304 1948 3357 lanxe
1989 3293 2057 3367 G,
2116 3302 2269 3358 lance
2300 3304 2417 3358 rell.

292 3377 389 3473 nr&
429 3404 483 3461 a
689 3406 757 3462 14
791 3406 1074 3476 repugium
1108 3406 1222 3461 AB
1231 3406 1417 3473 GHL,
1479 3407 1760 3476 repudium
1800 3406 1924 3462 Son.
2133 3406 2201 3461 15
2248 3407 2334 3461 sin
2368 3407 2558 3475 DEF,

293 3492 407 3546 sint
458 3492 578 3548 rell.
784 3508 888 3561 quo
942 3492 1110 3549 ABG
1117 3493 1332 3549 GH¹M
1529 3493 1730 3549 nullim
1783 3495 1840 3548 A
2052 3508 2118 3547 ne
2171 3493 2309 3548 faxis
2365 3494 2434 3559 G,
2493 3510 2559 3549 ne

293 3577 453 3633 factis
505 3578 598 3643 M,
659 3576 886 3633 nefastis
941 3578 973 3633 b
1179 3579 1246 3633 16
1299 3594 1394 3648 per
1447 3595 1608 3634 suasu
1655 3578 1803 3633 istuc
1856 3578 2045 3645 HLS,
2105 3580 2245 3633 istuc
2299 3595 2557 3649 persuasu

296 3664 418 3717 Sch.
457 3680 486 3717 e
520 3663 702 3718 codice
741 3664 803 3730 T,
861 3680 958 3734 pro
998 3680 1158 3719 suasu
1191 3664 1337 3719 istuc
1371 3664 1562 3731 ABG,
1622 3680 1935 3734 persuasum
1972 3665 2116 3719 istuc
2148 3664 2335 3731 DEF,
2387 3681 2425 3737 p
2461 3682 2559 3720 sus.

295 3750 467 3801 suasti
521 3749 622 3803 hoc
681 3750 749 3815 G,
808 3765 845 3821 p
884 3753 1042 3804 suasi}
1097 3749 1246 3804 istud
1303 3750 1400 3818 M,
1460 3750 1583 3805 istis
1635 3766 1947 3820 persuasum
2000 3754 2084 3804 est
2130 3751 2162 3804 b
2369 3752 2559 3821 utique

293 3834 519 3902 scripsi,
575 3835 659 3887 uti
695 3836 898 3891 libri-et
924 3835 1161 3891 editores
1357 3835 1522 3905 edito]
1549 3838 1713 3891 etita
1735 3837 1829 3902 M,
1878 3851 2015 3891 corr.
2042 3836 2135 3889 Μ2
2156 3837 2220 3891 in
2242 3852 2417 3907 marq.

293 3935 387 3987 pro
437 3922 708 3975 sententia
757 3924 856 3975 tua
901 3921 1108 3990 aliquid
1154 3923 1383 3991 scripsi,
1445 3937 1540 3990 pro
1587 3922 1858 3977 sententia
1904 3922 2252 3989 tuatDCr'M‚
2313 3938 2407 3991 pro
2446 3929 2559 3992 (pre

292 4005 372 4071 F)
409 4005 677 4059 sententia
722 4005 898 4075 liquid
936 4005 1165 4075 (aliquid
1198 4007 1286 4073 E)
1332 4006 1675 4073 GEFHLS,
1732 4008 1943 4077 psentia
1986 4006 2162 4075 liquid
2208 4009 2257 4061 A
2273 4045 2288 4072 ,
2347 4009 2559 4078 psentia

293 4089 470 4158 liquid
517 4090 594 4156 B,
655 4108 749 4161 pro
795 4108 880 4146 me
927 4093 1251 4147 sententiam
1299 4092 1504 4161 liquido
1553 4093 1674 4149 Βοὴ.
1884 4093 1948 4147 17
2001 4092 2325 4161 publistitus
2379 4093 2427 4149 S

294 4172 652 4229 lectitandam
681 4175 801 4231 θοὴ.
992 4177 1220 4231 occulito
1262 4177 1390 4231 GM
1398 4178 1430 4233 b
1454 4178 1575 4232 Βοὴ.
1593 4218 1609 4246 ,
1666 4177 1837 4232 occuli
1872 4177 2055 4231 ,ΔΒΗ
2074 4177 2152 4245 (L
2174 4177 2361 4247 deest),
2413 4181 2554 4234 oculi

296 4262 364 4328 S,
419 4263 567 4316 ocule
600 4263 734 4330 DF,
789 4264 967 4318 occule
1001 4264 1084 4329 Ε,
1133 4263 1288 4317 oculo
1332 4263 1379 4319 0
1579 4263 1830 4334 occulito]
1868 4263 2303 4334 respondebimus
2338 4266 2470 4321 add.
2508 4268 2557 4331 b,

293 4362 398 4415 quo
435 4347 563 4403 add.
603 4350 908 4417 ABHLS,
966 4366 1085 4405 cum
1121 4348 1254 4409 add.
1287 4348 1490 4417 ΒΕΓ,
1547 4350 1799 4421 quoniam
1835 4367 1939 4420 quo
1974 4351 2106 4406 add.
2146 4350 2266 4407 Βοὴ.
