3175 5050
1039 429 1129 483 De
1165 432 1356 485 statu
1389 431 1646 485 animae
1681 432 1711 486 1
1746 430 1830 486 20.
2486 434 2571 501 69

298 622 605 705 quatenus
649 618 857 684 anima
902 637 1015 685 nec
1061 619 1397 701 quantitati
1441 620 1719 686 subiacet
1747 622 2140 701 disseramuS,
2200 620 2565 704 quamlibet,

302 724 412 789 ubi
458 722 746 789 localitas
789 740 909 787 non
955 724 1071 801 est,
1132 722 1453 805 quantitas
1499 742 1634 791 esse
1680 736 1802 789 non
1847 723 2065 807 possit,
2111 724 2261 808 quia
2304 726 2425 791 sibi
2466 725 2561 791 ita

300 827 520 892 mutuo
565 826 717 891 haec
759 826 976 891 eadem
1019 844 1175 891 nexa
1217 829 1384 908 sunt,
1430 831 1502 892 ut
1548 831 1660 894 aut
1706 828 2041 910 utrumque
2088 828 2153 893 in
2188 828 2397 911 aliquo
2430 847 2559 893 esse

301 932 500 1012 possit
564 933 676 994 aut
741 930 1054 994 neutrum.
1147 948 1216 993 ex
1290 930 1420 995 illis
1497 931 1920 997 Aristotelicis
1997 931 2327 1015 categoriis
2399 930 2560 996 nulli

235 1056 269 1097 z
301 1051 553 1115 prorsus
611 1032 892 1099 subiacet
949 1034 1219 1097 essentia
1273 1032 1507 1111 diuina,
1579 1052 1793 1099 rursus
1848 1035 2061 1100 anima
2114 1034 2389 1100 humana
2434 1052 2558 1101 non

302 1137 592 1201 omnibus
650 1135 946 1214 subiacet,
1021 1153 1202 1218 porro
1262 1152 1482 1219 corpus
1537 1137 1862 1219 quodlibet
1922 1136 2205 1203 subiacet
2250 1137 2555 1204 omnibus.
2670 1160 2674 1177 ·

303 1256 450 1303 nam
497 1239 572 1305 de
619 1239 730 1305 deo
775 1258 896 1303 non
945 1238 1213 1303 dicimus
1260 1238 1462 1319 qualis
1509 1241 1619 1319 est,
1672 1240 1819 1321 quia
1848 1259 1971 1305 non
2002 1241 2208 1323 potest
2238 1240 2562 1322 conparari

302 1344 480 1423 quasi
542 1343 621 1407 ad
677 1341 872 1417 aliud,
933 1342 1006 1406 ut
1051 1341 1333 1406 dicatur:
1393 1342 1542 1407 talis
1604 1344 1716 1406 est.
1791 1362 1903 1408 nec
1962 1342 2229 1409 dicimus
2295 1346 2565 1426 quantus

301 1448 417 1521 est,
479 1444 626 1528 quia
689 1464 812 1511 non
868 1445 1032 1511 mole
1087 1464 1355 1529 magnus
1415 1449 1531 1524 est,
1591 1464 1709 1512 nec
1753 1447 1903 1528 quid
1946 1447 2155 1526 habet,
2215 1449 2360 1531 quia
2402 1445 2565 1511 nihil

229 1576 282 1615 ιο
304 1566 430 1613 non
474 1547 682 1624 habet,
731 1567 845 1613 nec
886 1567 1007 1630 quo
1051 1551 1233 1613 modo
1277 1549 1392 1625 est,
1441 1550 1588 1630 quia
1634 1548 1765 1631 ipse
1809 1549 2031 1615 modus
2078 1551 2193 1630 est,
2242 1569 2353 1615 nec
2382 1550 2560 1615 habi·

303 1652 444 1716 tum
500 1651 636 1715 eius
694 1649 1093 1733 inquirimus,
1153 1652 1304 1735 quia
1360 1651 1639 1715 continet
1695 1652 1922 1735 omnia,
1982 1672 2097 1717 nec
2141 1654 2369 1733 locum,
2416 1652 2565 1735 quia

301 1772 426 1820 non
483 1754 607 1818 nisi
663 1773 879 1835 corpus
936 1754 1003 1818 in
1060 1753 1192 1820 loco
1250 1754 1359 1831 est,
1405 1772 1521 1819 nec
1577 1757 1845 1837 tempuS,
1905 1754 2049 1838 quia
2095 1757 2559 1838 sempiternitas

301 1861 416 1938 est,
486 1876 599 1923 nec
667 1859 898 1936 actum,
970 1860 1262 1939 quoniam
1323 1858 1570 1940 quietus
1630 1858 1782 1942 agit,
1838 1877 1951 1923 nec
1994 1859 2364 1943 passionem,
2412 1861 2561 1942 quia

300 1980 423 2027 non
477 1961 739 2043 patitur.
815 1961 946 2025 iam
1002 1961 1260 2037 decima,
1318 1960 1512 2025 immo
1569 1962 1777 2043 prima
1833 1966 1929 2027 est
1998 1961 2133 2045 ipsa
2188 1962 2557 2040 substantia,

227 2095 281 2137 15
302 2067 376 2129 de
421 2083 543 2146 qua
585 2064 737 2130 haec
780 2064 1279 2146 praedicamenta
1323 2064 1640 2128 texuntur.
2545 2048 2561 2070 ’

1341 2334 1504 2419 ΧΧ.

755 2525 943 2584 QVOD
986 2524 1208 2573 ANIMA
1266 2524 1715 2586 QVALITATEM
1758 2526 2096 2576 REOIPIAT.

383 2661 676 2728 Humana
748 2680 894 2727 uero
961 2661 1170 2727 anima
1244 2663 1410 2729 sicut
1475 2664 1892 2748 quantitatem
1960 2685 2083 2731 non
2148 2666 2390 2750 recipit,
2468 2666 2560 2732 ita

297 2765 576 2830 subiacet
633 2766 944 2847 qualitati.
1018 2785 1164 2831 nam
1219 2767 1272 2831 si
1333 2768 1409 2833 de
1454 2768 1748 2852 quopiam
1804 2770 1985 2852 quale
2030 2772 2115 2834 sit
2159 2788 2379 2853 corpus
2424 2771 2555 2838 eius

217 2867 694 2950 2oinquirimu8‚
743 2871 830 2934 sic
873 2869 1176 2935 uidelicet
1219 2871 1488 2952 qualitas
1533 2872 1805 2955 corporis
1848 2872 2193 2938 indicatur:
2230 2874 2428 2940 flauus
2461 2877 2558 2939 est

294 2970 424 3047 ille,
472 2971 781 3038 coloratus
828 2973 944 3056 est,
993 2973 1190 3055 pallet
1233 2974 1348 3039 ille
1392 2977 1493 3040 uel
1539 2977 1719 3060 niger
1750 2977 1865 3044 est.
1937 2978 2031 3042 sin
2060 2994 2207 3042 uero
2240 2977 2316 3042 de
2347 2977 2558 3042 anima

296 3074 708 3155 consulamu8‚
753 3075 861 3140 'ita
918 3077 1096 3142 nobis
1154 3077 1422 3158 qualitas
1481 3079 1615 3144 eius
1672 3079 2057 3146 ostenditur:
2114 3082 2383 3163 superba
2438 3081 2553 3158 est,

294 3176 553 3243 humilis
600 3180 715 3255 est,
759 3180 1074 3258 iracunda,
1120 3179 1468 3263 tranquilla
1511 3183 1627 3264 est,
1676 3182 1862 3246 ualde
1907 3182 2202 3248 meminit
2254 3187 2363 3249 aut
2392 3183 2553 3250 cele-

293 3282 451 3347 riter
497 3282 907 3348 obliuiscitur.
983 3286 1302 3366 quantitas
1348 3283 1568 3350 itidem
1617 3284 1888 3368 corporis
1934 3285 1987 3352 si
2036 3288 2386 3369 quaeratur,
2419 3288 2555 3353 iure

401 3558 426 3610 1
485 3571 552 3610 ne
605 3553 715 3611 Mb
923 3557 1250 3625 quantitatis
1302 3559 1382 3624 R,
1449 3523 1757 3627 quantitate
1814 3558 1861 3613 S
2058 3557 2373 3628 quamlibet]
2428 3557 2568 3613 licet·

287 3645 350 3696 et
391 3645 473 3710 μ’,
529 3641 659 3694 licet
704 3641 814 3697 PT
836 3641 958 3697 Sela.
1004 3643 1072 3697 in
1105 3645 1254 3698 notis
1458 3644 1492 3698 3
1545 3644 1747 3698 adnexa
1794 3644 2064 3699 Bao-thius
2269 3644 2400 3713 esse]
2448 3659 2555 3699 non

287 3726 423 3782 add.
461 3727 516 3779 A
718 3727 755 3780 4
791 3727 1082 3796 catagoriis
1119 3729 1175 3784 R
1371 3731 1404 3784 6
1440 3729 1724 3798 quodlibet
1760 3746 1949 3802 corpus
1988 3729 2034 3785 S
2225 3729 2260 3782 8
2296 3731 2411 3798 nec]
2450 3745 2555 3784 non

293 3811 584 3867 ABDEF
783 3814 844 3866 11
884 3815 1012 3883 quia
1049 3815 1293 3869 continet
1327 3817 1505 3869 omnia
1541 3833 1643 3870 om.
1681 3817 1737 3872 R
1947 3817 2012 3871 14
2048 3817 2305 3871 decimam
2340 3815 2417 3870 R¹

293 3899 360 3954 17
406 3897 650 3967 recipiat]
699 3899 1061 3965 quantitatem
1096 3915 1202 3954 non
1252 3917 1373 3956 cum
1409 3902 1576 3956 ABR
1612 3902 1739 3957 add.
1777 3902 1871 3971 M,
1930 3902 2029 3972 qui
2059 3905 2347 3971 praeterea
2382 3901 2559 3956 adicit

266 3983 560 4048 ‚claudiani
681 3984 912 4052 capituli
933 3985 1156 4041 initium
1182 4004 1219 4040 α
1242 4003 1372 4042 uoce
1396 3987 1613 4042 demum
1638 3990 1734 4043 lin.
1758 3991 1838 4043 23
1861 3989 2139 4059 quantitas
2161 3986 2325 4041 sumit
2348 3985 2423 4040 M

291 4072 358 4126 18
394 4071 504 4124 ista
537 4069 612 4124 M
806 4069 872 4123 19
909 4071 956 4123 si
990 4071 1066 4124 M
1069 4072 1123 4141 b,
1182 4088 1282 4126 om.
1325 4073 1391 4140 G,
1445 4075 1587 4128 elcut
1622 4073 1736 4128 rell.
1932 4073 1996 4127 21
2036 4073 2304 4127 coloratus
2338 4071 2554 4142 scripsi,

285 4156 535 4211 oculatus
571 4154 705 4209 libri
739 4159 790 4209 et
827 4153 946 4210 Βοὴ.
963 4195 976 4221 ,
1036 4157 1249 4226 aquilus
1286 4159 1558 4214 Barthius
1729 4157 1965 4228 pallidus
1998 4160 2028 4212 b
2074 4211 2087 4224 ,
2214 4157 2283 4212 23
2317 4160 2399 4212 est
2431 4165 2555 4227 post

286 4256 582 4345 tranqfiilla
606 4291 708 4330 om.
745 4276 777 4330 b
937 4258 1018 4329 '24
1052 4243 1280 4345 quan‘las
1318 4277 1364 4332 s
1529 4277 1910 4348 quantitatisit
1933 4277 2076 4334 idem
2110 4277 2165 4333 R
2338 4276 2553 4347 itidem]

285 4360 552 4431 siquidem
590 4361 666 4416 M
667 4362 699 4417 b
909 4377 1102 4431 corpus
1136 4362 1217 4419 R²
