3175 5050
1089 393 1180 447 De
1215 393 1406 447 statu
1439 392 1704 447 animae
1748 391 1779 446 I
1818 392 1871 447 4.
2526 394 2610 461 37

346 581 553 666 potius
597 582 889 649 ueritatis
933 583 1363 649 testimonium
1409 584 1477 650 in
1519 582 1941 666 patrocinium
1982 582 2281 649 falsitatis
2314 584 2609 655 adsumi?

349 684 647 768 quoniam
691 685 746 751 si
793 684 941 768 quid
985 684 1172 751 huius
1217 686 1406 765 modi,
1465 685 1632 752 sicut
1688 704 1874 771 supra
1932 688 2219 767 diximuS‚
2264 688 2332 753 in
2379 688 2609 759 diuinis

347 788 772 855 uoluminibus
827 790 1164 872 inuenitur,
1223 788 1303 853 ad
1345 788 1657 858 unitatem
1702 808 2001 873 personae
2047 790 2443 859 referendum
2486 796 2609 880 est,

347 894 493 976 quia
555 892 724 959 sicut
783 890 992 959 anima
1052 891 1118 957 et
1175 882 1400 974 corpus
1464 910 1536 957 ex
1597 892 1845 960 diuersa
1900 894 2263 963 substantia
2308 914 2469 961 unus
2514 896 2612 967 est.

304 995 554 1075 ahorne,
589 995 682 1063 ita
711 1000 860 1062 deus
893 998 957 1061 et
987 995 1170 1061 homo
1202 1014 1273 1061 ex
1303 996 1554 1063 diuersa
1587 996 1945 1066 substantia
1973 1018 2137 1067 unus
2169 1002 2269 1069 est
2301 998 2607 1069 christus.

347 1117 418 1165 ac
473 1119 582 1183 per
626 1099 744 1166 hoc
801 1118 942 1166 cum
987 1100 1072 1167 sit
1125 1119 1286 1166 unus
1331 1118 1404 1165 ex
1447 1101 1698 1167 diuersa
1742 1101 2119 1185 substantia,
2164 1102 2297 1186 ipse
2340 1124 2407 1169 se
2454 1122 2609 1187 quo-

347 1204 488 1295 dam
551 1204 735 1271 modo
791 1204 970 1285 petit,
1029 1205 1164 1285 ipse
1219 1223 1284 1269 se
1336 1204 1609 1288 quodam
1661 1207 1871 1297 modox
1901 1223 2014 1288 pro
2080 1206 2261 1273 nobis
2336 1208 2609 1277 exaudit.

347 1307 676 1373 innumera
729 1310 881 1392 sunt
937 1324 1094 1389 quae
1149 1325 1338 1392 super
1385 1308 1502 1373 hoc
1557 1308 1682 1376 dici
1738 1310 2275 1393 promptissimum
2318 1310 2424 1389 sit,
2498 1311 2609 1379 sed

347 1410 645 1492 quoniam
689 1429 810 1478 non
858 1411 1150 1495 inpendio
1197 1412 1546 1477 emolienda
1590 1413 1759 1497 sunt,
1806 1431 1965 1495 quae
2008 1432 2117 1497 per
2158 1432 2224 1481 se
2258 1414 2607 1495 labascunt,

277 1515 411 1579 min
457 1514 955 1597 praesentiarum
1001 1514 1078 1579 de
1123 1514 1220 1581 his
1264 1517 1391 1581 ista
1435 1516 1767 1583 sufficiant.

1390 1718 1557 1803 ΙΠΙ.

784 1907 1046 1955 ABHINC
1091 1910 1185 1955 DE
1230 1910 1445 1957 STATV
1495 1910 1765 1959 ANIMAE
1808 1910 2167 1959 DISPVTAT.

431 2044 650 2112 Status
707 2065 874 2113 nunc
941 2048 1189 2114 animae
1252 2050 1583 2133 humanae,
1655 2051 1772 2117 hoc
1828 2055 1923 2116 est
1987 2050 2287 2137 imaginis
2354 2042 2610 2119 diuinae

344 2151 606 2215 uocatur
651 2150 719 2216 in
761 2152 1044 2218 dubium.
1118 2153 1272 2219 haec
1334 2173 1556 2237 nempe
1607 2156 1703 2219 est
1747 2156 1938 2221 tertia
1986 2156 2100 2222 illa
2143 2157 2438 2239 quaestio,
2487 2176 2609 2241 qua

275 2290 326 2331 15
343 2254 465 2319 iste
551 2254 940 2321 necessarius
1025 2274 1206 2323 meus
1294 2255 1848 2325 discernendarum
1936 2262 2300 2325 naturarum
2390 2278 2607 2326 causas

343 2357 666 2442 ingressus
711 2355 1008 2442 spiritum
1049 2358 1224 2425 uitae
1270 2378 1490 2445 corpus
1548 2380 1681 2427 esse
1736 2362 2103 2444 pronuntiat
2162 2362 2494 2428 adstruens
2539 2382 2608 2429 se

344 2480 530 2544 super
594 2462 710 2527 hoc
773 2462 1236 2544 praeiudicatae
1301 2464 1700 2531 auctoritatis
1768 2467 2023 2547 patrum
2086 2464 2248 2530 scita
2312 2464 2607 2549 proferre,

345 2583 498 2649 quos
543 2566 806 2650 quidem
853 2585 979 2632 non
1023 2567 1158 2632 tam
1211 2566 1453 2650 aliquid
1497 2567 1621 2633 sibi
1666 2571 1965 2652 perceptu
2006 2569 2237 2634 mentis
2278 2569 2606 2652 cognitum

347 2666 656 2748 definisse,
705 2685 894 2751 quam
939 2666 1248 2749 quaedam
1291 2666 1572 2749 opinatos
1617 2667 1813 2734 fuisse
1842 2674 2305 2736 commemorat.
2354 2673 2418 2739 et
2462 2675 2609 2756 quia

275 2803 330 2846 20
343 2771 498 2853 ipse,
529 2771 837 2853 quantum
868 2769 1165 2854 loquitur,
1192 2789 1317 2838 non
1347 2771 1478 2836 tam
1505 2771 1803 2854 probatae
1830 2772 2065 2838 rationi
2086 2774 2199 2840 aut
2223 2772 2606 2846 intemeran-

345 2877 460 2942 dae
525 2875 904 2956 auctoritati,
972 2875 1084 2941 sed
1148 2875 1462 2942 humanae
1529 2877 1732 2962 magis
1801 2871 2079 2961 opinioni
2147 2881 2475 2960 concessit,
2538 2881 2606 2950 id

344 2977 608 3060 inpenso
676 2996 858 3063 opere
922 2979 1169 3064 nititur,
1241 2981 1313 3045 ut
1371 2983 1584 3064 spreta
1639 2980 2017 3048 auctoritate
2083 2982 2315 3064 diuina,
2376 2983 2607 3054 omissa

347 3098 590 3164 quoque
656 3084 900 3149 ratione
976 3084 1325 3168 perspicua,
1394 3083 1625 3150 clausis
1693 3087 1765 3150 ut
1840 3085 2019 3151 aiunt
2084 3083 2283 3150 oculis
2351 3086 2607 3152 sibimet

345 3186 794 3252 adsentiamur.

275 3321 329 3362 25
433 3286 821 3371 Quicumque
877 3289 956 3354 de
1001 3288 1114 3354 deo
1171 3289 1480 3356 ueraciter
1537 3303 1626 3356 ac·
1664 3287 1766 3373 pie
1823 3291 2125 3369 sentiunt,
2184 3290 2346 3383 nihil
2402 3294 2481 3360 ab
2534 3311 2607 3359 eo

451 3529 476 3582 1
532 3528 714 3596 potius
767 3528 912 3596 falso
964 3533 1272 3598 suspectum
1327 3527 1562 3584 Barthe‘o
1771 3529 2130 3600 patronicium
2189 3532 2236 3587 0
2350 3581 2353 3586 .
2438 3532 2473 3586 3
2525 3533 2611 3586 in-

344 3614 590 3668 uenietur
635 3615 710 3670 M
715 3616 746 3669 b
951 3613 1318 3686 perferendum
1363 3616 1570 3681 AB1F,
1632 3617 2005 3686 proferendum
2049 3615 2167 3675 ΠΡ
2348 3617 2402 3672 ·4
2444 3617 2609 3672 unius

342 3701 400 3757 R
573 3702 605 3755 7
643 3702 718 3771 se]
754 3709 784 3756 c
817 3702 913 3770 M,
967 3701 1119 3756 unde
1141 3703 1227 3756 est
1251 3703 1343 3770 qni
1379 3703 1412 3756 b
1577 3703 1719 3771 quod
1743 3703 1968 3760 admodo
2006 3701 2061 3760 R
2094 3707 2329 3774 utroque
2354 3703 2469 3758 loco

343 3787 378 3842 9
426 3786 760 3841 demolienda
806 3788 947 3844 com'.
986 3785 1242 3842 Schottus
1448 3788 1518 3843 10
1562 3787 1651 3842 his
1697 3803 1797 3843 om.
1842 3789 1919 3843 Μ
1922 3789 1954 3847 b
2159 3787 2433 3847 sufficient
2478 3786 2646 3842 libri·

335 3877 566 3944 praeter
610 3871 870 3940 B²E²M‚
933 3873 1214 3928 sullficient
1259 3871 1316 3928 R
1524 3872 1591 3928 14
1636 3889 1771 3943 quae
1812 3873 1907 3940 13¹,
1968 3879 2129 3944 quam
2175 3873 2271 3937 Βῆ
2332 3888 2435 3943 que
2478 3871 2605 3940 EF,

343 3959 472 4031 quia
508 3957 748 4024 GMRb,
808 3959 950 4028 quod
983 3959 1046 4014 D
1254 3960 1320 4014 18
1362 3960 1584 4030 quidam
1613 3961 1681 4030 χοῖ
1885 3962 2137 4030 preceptu
2182 3957 2316 4016 ΟΜι
2523 3961 2607 4014 in-

341 4047 632 4100 temeratae
667 4045 700 4100 b
892 4044 956 4100 21
997 4046 1056 4099 in
1090 4053 1216 4100 ante
1253 4045 1308 4100 id
1343 4045 1472 4100 add.
1515 4046 1567 4102 G
1752 4045 1821 4100 23
1854 4045 2075 4116 papicua
2109 4043 2227 4099 HL
2298 4051 2301 4056 '
2410 4045 2480 4101 24
2514 4045 2609 4102 ad·

341 4148 650 4205 sentiantur
701 4149 823 4216 ab,
883 4132 1246 4206 adsensiamur
1293 4151 1342 4206 S
1542 4151 1613 4207 25
1657 4153 1717 4205 at
1750 4155 1882 4206 ante
1916 4149 2251 4224 quicumque,
2270 4149 2403 4208 add.
2437 4149 2470 4204 b

343 4235 589 4291 senciunt
623 4236 705 4302 M,
759 4235 1030 4291 sensoiunt
1067 4236 1136 4303 F,
1189 4237 1332 4292 sensi
1357 4238 1485 4292 sunt
1519 4236 1803 4301 BGHLS,
1859 4235 1999 4292 sensi
2026 4235 2163 4289 llunt
2196 4235 2267 4302 R,
2322 4237 2605 4292 senserunt

341 4326 397 4379 Α
421 4323 542 4380 Sch.
