3175 5050
995 427 1085 479 De
1117 383 1312 480 'statu
1347 426 1614 481 animae
1658 426 1751 482 111
1789 425 1871 481 13.
2444 429 2567 495 179

299 619 523 682 nouit
593 617 1101 701 penetrauit?
1181 617 1315 680 aut
1379 634 1546 680 cum
1612 613 1766 680 sibi
1834 617 1910 679 in
1976 615 2201 680 corde
2272 615 2563 681 diuitis

299 719 542 785 illius
618 721 988 784 flammas
1063 738 1145 784 ex
1219 718 1570 782 lectione
1658 713 2114 801 proposuit,
2186 719 2567 802 ‘numquid

299 824 453 889 iam
514 823 604 888 ad
660 825 1238 888 tormentorum
1292 821 1463 885 eius
1521 820 1702 886 loca
1746 827 1834 886 a'c
1880 822 2095 887 uiuis
2139 823 2569 888 inaccessi-⁴

299 926 499 992 bilia
543 926 784 990 inferi
829 925 1222 1008 profunda
1265 925 1723 990 descendit?
1768 927 1895 989 iam
1928 923 2175 990 scilicet
2204 926 2349 1009 tibi,
2380 930 2565 1009 prout

253 1048 414 1110 spar
454 1029 592 1094 fieri
635 1029 779 1104 fuit,
827 1029 902 1093 de
947 1029 1436 1110 incorporalibus
1490 1027 1842 1094 animarum
1886 1028 2045 1094 locis
2091 1031 2153 1094 et
2197 1029 2272 1094 de
2316 1028 2562 1094 inferno

299 1137 487 1214 atque
527 1133 818 1214 paradiso
863 1136 926 1197 et
973 1132 1049 1197 de
1095 1133 1338 1197 animae
1380 1131 1514 1197 sine
1561 1150 1813 1215 corpore
1845 1133 2220 1216 incorporali
2252 1132 2562 1211 contuitu,

299 1253 438 1300 cum
479 1236 553 1299 de
599 1235 799 1300 diuite
843 1235 955 1300 illo
1002 1236 1066 1300 et
1106 1253 1375 1318 paupere
1421 1237 1615 1301 uerba
1659 1234 1943 1300 fecimus
1968 1237 2072 1301 uel
2118 1254 2260 1301 cum
2306 1238 2381 1300 de
2426 1234 2563 1301 ani-

297 1357 438 1403 mae
481 1338 713 1422 duplici
759 1339 996 1404 uisione
1039 1338 1477 1414 tractauimus,
1525 1357 1821 1422 responsa
1862 1339 2173 1405 redhibui.
2242 1339 2388 1422 quia
2416 1356 2562 1404 uero

297 1459 461 1506 nunc
504 1441 684 1518 illud,
730 1442 893 1525 quod
922 1442 1167 1506 inferna
1209 1440 1377 1506 uiuis
1421 1441 1881 1508 inaccessibilia
1916 1459 2049 1508 esse
2092 1443 2327 1526 dixisti,
2359 1441 2564 1507 indis-

231 1567 284 1607 ιο
299 1563 546 1608 cussum
590 1547 811 1624 restat,
858 1545 1160 1626 quatenus
1207 1544 1432 1608 dixeris
1478 1561 1725 1628 quaero,
1772 1546 2013 1611 scilicet
2058 1563 2130 1610 ex
2174 1545 2385 1610 anima
2416 1563 2561 1610 con-

297 1649 536 1712 stamus
584 1649 652 1713 et
696 1666 965 1730 corpore.
1043 1666 1114 1714 ac
1157 1649 1303 1713 licet
1363 1647 1645 1732 ambigat
1694 1666 1877 1713 nemo
1922 1648 2073 1731 quid
2116 1647 2450 1714 inmortale
2496 1650 2560 1713 in

297 1751 474 1815 nobis
530 1751 758 1832 quidue
817 1751 1080 1816 mortale
1137 1751 1243 1827 sit,
1303 1768 1416 1834 ego
1466 1754 1681 1816 tamen
1724 1755 1934 1816 tecum
1976 1752 2067 1816 sic
2113 1769 2317 1836 agam,
2365 1753 2440 1817 ut
2483 1751 2559 1816 de

295 1858 442 1918 utra
486 1855 688 1920 mauis
726 1856 1150 1937 respondeam.
1225 1855 1280 1920 si
1325 1874 1397 1919 ex
1440 1860 1668 1920 neutra
1714 1856 1915 1920 nostri
1958 1853 2322 1920 substantia
2362 1853 2557 1919 mori-

297 1975 458 2040 mur,
526 1959 687 2024 nihil
744 1963 1030 2023 nostrum
1090 1959 1170 2022 ad
1214 1957 1462 2022 inferna
1518 1957 1859 2034 descendit,
1921 1957 2069 2041 quia
2119 1956 2349 2022 inferos
2394 1958 2558 2022 uiuis

227 2085 278 2125 15
297 2063 638 2127 inaccessos
683 2080 815 2126 esse
859 2060 1093 2127 dixisti.
1167 2062 1220 2125 si
1264 2064 1528 2142 utraque
1571 2061 1894 2138 morimur,
1942 2079 2088 2144 ergo
2132 2061 2197 2124 et
2228 2078 2447 2143 corpus
2478 2058 2557 2122 ad

296 2163 538 2229 inferna
582 2164 921 2240 descendit,
966 2182 1080 2230 nec
1123 2163 1310 2247 longe
1355 2163 1534 2228 nobis
1579 2181 1869 2246 corporea
1896 2164 2049 2228 haec
2091 2163 2339 2228 inferna
2368 2181 2559 2246 quae-

295 2266 484 2332 renda
529 2273 695 2344 sunt,
741 2267 987 2350 quando
1033 2267 1287 2348 quidem
1330 2267 1540 2348 ipsum
1585 2266 1941 2348 sepulcrum
1986 2266 2222 2331 domini
2254 2270 2351 2330 est
2380 2266 2555 2330 locus

296 2368 548 2436 inferni.
625 2370 734 2435 sed
799 2371 957 2436 hanc
998 2373 1326 2453 utramque
1387 2369 1842 2434 absurditatem
1903 2370 2215 2433 sententia
2260 2387 2413 2432 sana
2457 2387 2552 2431 re-

295 2473 484 2555 spuit,
557 2490 703 2558 ergo
763 2491 880 2539 nec
922 2473 992 2538 in
1035 2475 1303 2556 utraque
1361 2471 1723 2538 substantia
1766 2473 2071 2538 morimur
2114 2491 2227 2539 nec
2271 2472 2338 2537 in
2384 2471 2559 2535 utra-

225 2596 278 2637 20
297 2593 414 2657 que
459 2594 583 2642 non
628 2576 976 2655 morimur,
1017 2576 1306 2659 uiuitque
1335 2576 1542 2643 anima
1571 2578 1766 2641 ctiam
1795 2575 1998 2658 posito
2034 2594 2307 2657 corpore,
2342 2592 2560 2657 quam-

295 2679 456 2743 libet
520 2680 575 2744 si
620 2698 732 2761 per
789 2682 1048 2761 peccata
1105 2680 1219 2745 deo
1277 2697 1386 2744 suo
1444 2681 1729 2763 priuetur
1786 2682 2033 2745 mortua
2083 2682 2218 2745 iure
2289 2677 2553 2743 dicatur.

297 2782 592 2848 credibile
657 2785 869 2847 tamen
933 2800 1188 2864 prorsus
1256 2801 1379 2848 non
1439 2784 1580 2860 erit,
1644 2786 1803 2866 quod
1863 2784 2174 2865 peccatrix
2236 2783 2448 2847 anima
2492 2782 2557 2847 id

293 2886 500 2966 ipsum
546 2888 621 2951 ut
663 2885 871 2949 anima
915 2887 996 2949 sit
1040 2887 1317 2966 amittat,
1367 2904 1510 2951 cum
1566 2888 1764 2952 etiam
1794 2888 2033 2970 corpori
2064 2891 2308 2952 mortuo
2339 2904 2557 2969 corpus

296 3008 430 3055 esse
496 3007 620 3054 non
672 2990 903 3072 pereat.
975 2990 1050 3053 ut
1109 2991 1276 3055 enim
1332 2990 1637 3057 moriatur
1696 3008 1936 3075 corpuS‚
2004 3010 2149 3056 cum
2205 2991 2341 3055 uita
2389 2992 2559 3056 omni

401 3279 426 3332 1
466 3278 718 3331 nouimus
758 3276 860 3332 ΘΒ
894 3282 947 3332 et
979 3277 1232 3333 Faustus
1437 3278 1470 3331 2
1519 3278 1749 3332 fiammis
1785 3279 1840 3333 B
2046 3280 2264 3349 pposuit
2308 3280 2422 3333 Mb

295 3382 329 3435 3
365 3364 538 3435 acui'fi'
576 3381 623 3436 S
823 3381 1150 3435 accessibilia
1185 3381 1322 3447 AB,
1379 3383 1783 3437 inaccessabilia
1818 3384 1874 3437 R
2079 3384 2116 3437 4
2150 3383 2349 3437 inferni
2377 3401 2421 3451 10
2576 3437 2579 3439 ,

295 3486 521 3541 discedit
557 3487 614 3541 R
786 3487 820 3539 6
854 3488 1098 3541 contuita
1139 3488 1205 3553 G,
1257 3487 1468 3542 intuitu
1503 3488 1645 3553 Mb,
1700 3488 2001 3541 contuitum
2040 3488 2094 3543 R
2267 3488 2298 3541 7
2334 3488 2561 3541 facimus

294 3606 405 3660 BL
595 3605 630 3659 8
665 3609 918 3676 responsa
956 3606 1190 3661 ADEF
1370 3596 1663 3675 responde‘⁸
1699 3579 1956 3661 reessisbui
1990 3608 2045 3662 B
2236 3608 2301 3661 10
2335 3608 2558 3677 scilicet]

294 3717 363 3753 an
399 3699 530 3752 add.
565 3700 629 3769 ρ’
836 3701 901 3753 11
955 3717 1016 3754 ac
1060 3701 1206 3771 licet]
1256 3700 1396 3755 adi&
1439 3702 1495 3755 R
1704 3700 1771 3755 12
1823 3700 1887 3754 de
1930 3702 2070 3770 utra]
2118 3704 2308 3755 neutra
2352 3702 2426 3756 M

297 3794 362 3847 13
404 3796 530 3846 utro
565 3794 645 3857 A,
705 3796 832 3847 utra
868 3793 1109 3849 BHRS¹
1314 3794 1505 3864 mauis]
1542 3795 1724 3863 gratia
1758 3794 1888 3849 add.
1926 3794 1983 3848 R
2188 3798 2379 3848 neutro
2414 3796 2559 3860 218¹,

293 3890 538 3940 neutram
586 3885 643 3940 R
849 3888 1026 3940 nostri
1073 3887 1264 3953 CGM,
1327 3896 1542 3941 nostrae
1582 3887 1777 3949 ABR,
1837 3889 2025 3941 nostra
2058 3888 2177 3945 rell.
2213 3893 2266 3941 et
2302 3887 2422 3942 Βοὴ.

295 3981 630 4035 substantiae
664 3982 721 4035 A
925 3982 1182 4035 morimus
1228 3982 1284 4035 B
1493 3983 1560 4036 14
1580 4030 1585 4033 .
1604 3982 1815 4036 inferlla
1848 3983 1905 4036 A
2111 3984 2237 4051 quia
2280 3982 2555 4035 inferos·-

293 4075 569 4130 descendit
605 4091 705 4130 om.
745 4076 792 4131 S
960 4076 1028 4131 15
1059 4076 1166 4129 dixi
1198 4076 1455 4131 Gallamd.
1629 4079 1855 4146 utroque
1879 4076 1935 4131 A
2110 4077 2174 4129 19
2210 4092 2274 4130 ne
2309 4077 2420 4131 Mb

294 4170 352 4224 in
387 4187 488 4224 om.
524 4170 586 4225 F
760 4170 1378 4240 substantia—utraque
1413 4187 1515 4226 om.
1550 4170 1723 4225 BDF
1902 4170 1971 4223 20
2004 4187 2112 4223 non
2148 4186 2249 4225 om.
2283 4174 2363 4238 A,
2417 4188 2563 4225 nunc

303 4263 352 4317 G
575 4265 638 4319 21
696 4266 968 4333 peccatum
1023 4266 1132 4319 Mb
1356 4267 1424 4320 23
1477 4267 1769 4321 amittatur
1820 4266 1877 4320 R
2094 4280 2303 4333 corpore
2350 4267 2421 4334 1⁰²

295 4358 363 4412 24
397 4360 579 4413 omnia
612 4359 733 4413 DF
2310 4370 2314 4375 ·

2241 4463 2348 4515 12*
