3175 5050
659 452 746 519 80
1430 448 1803 502 Claudiani
1836 448 2158 503 Mamerti

657 641 987 720 iniustum,
1063 643 1128 705 et
1186 637 1483 721 quoniam
1541 642 1763 703 sancta
1822 640 2033 703 anima
2091 638 2341 704 adfectu
2400 642 2573 705 casto
2624 640 2693 704 in
2737 642 2931 706 deum

659 746 921 829 rapitur,
981 743 1408 809 animaduerto
1466 760 1583 807 nec
1652 743 2219 825 peregrinationem
2286 742 2385 807 illi
2451 743 2720 808 localem
2786 760 2933 807 esse

659 866 774 913 nec
827 848 1119 930 patriam.
1193 849 1496 929 numquid
1540 847 1608 911 in
1651 846 1771 911 hac
1816 848 1951 911 uita
1994 847 2148 913 deus
2195 865 2338 912 curn
2384 848 2595 913 anima
2638 865 2761 912 non
2806 850 2928 922 est,

661 952 854 1017 etiam
900 950 954 1017 si
999 951 1138 1033 ipsa
1182 968 1323 1014 cum
1369 949 1483 1013 deo
1528 967 1653 1013 non
1697 949 1829 1015 sit?
1873 949 2047 1015 aliud
2093 952 2257 1015 enim
2306 953 2400 1016 est
2445 969 2581 1015 esse
2612 968 2757 1015 cum
2794 949 2933 1025 dec,

659 1052 830 1120 aliud
874 1073 994 1119 non
1037 1071 1171 1119 esse
1217 1055 1348 1118 sine
1393 1052 1524 1130 deo,
1587 1054 1734 1136 quia
1800 1070 1925 1117 non
1972 1052 2255 1118 localiter
2299 1052 2380 1119 ad
2444 1053 2631 1119 illum
2674 1054 2935 1118 uenitur
2968 1074 2999 1115 5

660 1177 776 1224 nec
833 1157 1118 1223 localiter
1177 1156 1254 1223 ab
1313 1157 1424 1220 illo
1471 1155 1826 1222 disceditur.
1902 1154 2159 1240 proinde
2208 1158 2416 1223 anima
2460 1156 2573 1221 illa
2620 1174 2765 1221 cum
2809 1158 2932 1221 deo

661 1264 774 1341 est,
821 1280 978 1346 quae
1022 1261 1214 1338 uidet,
1264 1260 1379 1325 hoc
1425 1264 1518 1323 est
1562 1259 1881 1343 intellegit
1926 1260 2135 1333 deum,
2178 1261 2242 1324 et
2286 1259 2403 1324 illa
2448 1276 2592 1325 cum
2636 1259 2747 1323 deo
2800 1276 2935 1324 non

661 1370 779 1453 est,
833 1384 988 1449 quae
1036 1366 1251 1447 utique
1295 1382 1419 1429 non
1462 1364 1783 1446 intellegit
1828 1363 2035 1429 deum.
2112 1366 2263 1430 deus
2305 1364 2517 1429 autem
2564 1362 2627 1427 et
2672 1361 2931 1426 intelle—

661 1470 834 1553 genti
878 1472 942 1535 et
985 1486 1112 1534 non
1154 1465 1549 1551 intellegenti
1593 1466 1771 1533 adest
1799 1466 2174 1533 inlocaliter.
2242 1466 2355 1533 sed
2386 1468 2446 1533 in
2481 1468 2734 1532 tantum
2777 1465 2937 1531 istic

659 1560 1107 1656 peregrinatur,
1166 1572 1601 1669 inquantum
1662 1588 1773 1652 per
1818 1569 2210 1653 uoluptatem
2257 1588 2330 1635 ac
2376 1570 2617 1637 dolores
2652 1569 2933 1649 corporis
2954 1597 3005 1634 10

659 1695 768 1759 per
811 1677 946 1742 loca
987 1677 1091 1740 uel
1135 1676 1438 1755 tempora,
1485 1693 1598 1756 per
1641 1674 2003 1756 phantasias
2048 1676 2114 1739 et
2144 1674 2589 1756 phantasmata
2619 1691 2657 1737 a
2688 1674 2935 1737 summi

660 1780 807 1847 boni
863 1778 1386 1861 contemplatione
1453 1782 1801 1861 moecatur,
1860 1778 2021 1861 quod
2064 1781 2214 1842 tunc
2259 1781 2334 1844 ad
2382 1776 2565 1860 plene
2612 1794 2737 1841 non
2782 1776 2931 1855 erit,

661 1904 830 1951 cum
876 1882 1407 1966 corruptibile
1451 1881 1586 1945 hoc
1647 1881 2002 1946 induerit
2052 1880 2934 1963 incorruptibilitatem

661 1990 738 2054 et
779 1987 1124 2052 mortale
1169 1986 1308 2050 hoc
1350 1969 1725 2050 induerit
1766 1985 2453 2051 inmortalitatem.

748 2108 916 2188 Quae
975 2126 1118 2171 cum
1175 2106 1268 2171 ita
1327 2104 1472 2185 sint,
1531 2105 1969 2189 peregrinatur
2030 2104 2242 2170 anima
2298 2106 2366 2169 in
2427 2122 2698 2186 corpore,
2746 2102 2932 2168 cuius
2956 2132 3003 2171 ιε

663 2213 1073 2295 corruptione,
1137 2209 1462 2275 debilitate
1521 2213 1707 2291 atque
1766 2209 2115 2290 indigentia
2159 2228 2197 2273 a
2240 2208 2466 2291 patria,
2530 2209 2648 2271 hoc
2714 2211 2811 2270 est
2892 2226 2933 2269 a

661 2316 772 2381 deo
839 2317 1183 2398 separatur.
1259 2318 1409 2397 puto
1473 2316 1687 2379 autem
1750 2313 2193 2393 substantiam,
2264 2312 2439 2377 cuius
2505 2312 2933 2393 peregrinatio

661 2419 856 2485 locale
917 2420 1008 2483 est
1067 2418 1254 2499 atque
1315 2435 1679 2498 corporeum
1751 2420 1813 2479 et
1877 2415 2051 2480 cuius
2110 2417 2314 2497 patria
2371 2414 2803 2497 incorporeum
2861 2417 2933 2477 et

659 2524 940 2601 inlocale‚
1000 2541 1121 2587 non
1181 2520 1491 2586 ueraciter
1556 2520 1683 2584 dici
1747 2520 1850 2584 uel
1911 2537 2266 2603 corpoream
2328 2519 2428 2584 uel
2488 2516 2776 2583 localem.
2858 2516 2933 2580 in

659 2627 770 2692 illo
817 2632 1028 2691 autem
1072 2624 1490 2708 peregrinatio
1537 2643 1659 2688 non
1706 2623 1845 2701 erit,
1894 2624 2071 2688 cuius
2118 2624 2292 2689 nullo
2338 2621 2621 2704 adpetitu
2673 2621 3001 2702 profici-20

660 2731 820 2809 etur,
889 2727 1064 2792 nullo
1127 2730 1334 2792 renisu
1402 2725 1828 2811 occupabitur,
1897 2725 2069 2792 nullo
2135 2727 2403 2809 pondere
2468 2727 2929 2808 praepedietur.

659 2834 858 2918 patet,
914 2833 987 2896 ut
1032 2829 1319 2908 arbitror,
1381 2832 1657 2895 animam
1702 2849 1827 2895 non
1870 2830 1937 2895 in
1981 2831 2154 2895 omni
2198 2846 2471 2911 corpore,
2519 2831 2631 2896 sed
2675 2829 2743 2894 in
2790 2848 2933 2894 car·

662 2936 791 3002 nali
850 2938 1101 3000 tantum
1162 2951 1411 3017 corpore
1469 2934 1874 3016 peregrinari,
1937 2934 2085 3016 quia
2144 2935 2395 3000 carnale
2440 2951 2663 3016 corpus
2708 2932 2935 2996 obuiat

664 3041 729 3105 et
771 3039 1056 3122 spiritale
1103 3040 1415 3121 proximat
1460 3037 1855 3120 incorporeis.
1930 3055 2097 3120 ergo,
2144 3039 2219 3101 ut
2249 3036 2582 3119 aliquando
2609 3039 2685 3101 de
2714 3039 2937 3100 nostra

663 3146 935 3220 tantum,
998 3143 1161 3207 sicut
1219 3143 1562 3224 praelocuti
1622 3159 1860 3220 sumus,
1923 3141 2276 3205 substantia
2336 3140 2729 3218 disseramuS,
2787 3139 2933 3220 quis
2950 3166 3000 3205 25
3111 3181 3112 3192 κ

662 3248 868 3330 potest
909 3245 1246 3311 memoriae
1290 3246 1485 3311 solius
1533 3246 1787 3328 abyssos
1833 3245 2064 3309 intueri
2109 3247 2171 3309 et
2217 3246 2396 3309 antra
2442 3245 2773 3324 penetrare
2798 3245 2829 3307 i>
2862 3243 2933 3306 in

869 3451 935 3506 18
982 3448 1012 3503 Ῑ
1046 3448 1166 3505 Cor.
1205 3449 1284 3516 15,
1321 3450 1390 3504 53
1409 3465 1486 3518 sq.

767 3643 793 3696 1
851 3640 1044 3695 effectu
1097 3638 1383 3695 BDEFR
1589 3638 1623 3692 2
1678 3637 1961 3691 locabilcm
2008 3638 2139 3691 libri
2174 3643 2407 3706 praeter
2454 3637 2618 3693 &Mb
2656 3643 2703 3692 et
2742 3637 2933 3692 Schot-

660 3735 776 3785 tum
982 3727 1019 3781 4
1067 3727 1113 3779 si
1163 3743 1264 3780 om.
1312 3725 1492 3779 ΑΒΗ
1694 3727 1778 3777 est
1825 3726 1966 3777 enim
2016 3723 2063 3778 S
2260 3724 2293 3777 5
2341 3738 2450 3776 non
2499 3729 2628 3777 ante
2675 3740 2789 3778 esse
2826 3740 2935 3778 om.

665 3815 717 3871 G'·
911 3812 1158 3867 lacaliter
1194 3811 1251 3867 R
1445 3811 1478 3863 9
1514 3810 1623 3863 ista
1659 3809 2013 3877 ABDEFp²
2214 3809 2282 3862 10
2315 3809 2658 3867 uoluntatem
2693 3809 2936 3875 HLRS,

659 3901 970 3954 uoluntates
1014 3898 1067 3954 G
1274 3897 1374 3950 hac
1409 3896 1465 3951 R
1673 3894 1873 3948 doloris
1908 3892 2159 3950 ABH¹R
2368 3895 2433 3949 12
2468 3896 2687 3963 plenum
2718 3898 2791 3962 p²

664 3989 729 4043 13
766 3985 1220 4053 incorruptionem
1267 3982 1320 4038 G
1529 3981 1594 4034 14
1628 3982 1730 4035 hoc
1767 3980 1903 4044 Mb,
1962 3997 2064 4034 om.
2100 3981 2219 4034 rell.
2256 3987 2308 4034 et
2344 3978 2464 4034 Sch.
2666 3980 2731 4034 15
2768 3997 2933 4050 quae·

663 4089 885 4141 cumque
908 4072 990 4126 ita
1014 4071 1088 4124 sit
1111 4069 1221 4126 ΒΤ
1419 4069 1496 4122 sit
1519 4067 1829 4123 H¹MRTb
2030 4067 2095 4120 19
2119 4067 2364 4136 inlocale]
2390 4071 2473 4120 est
2496 4067 2627 4121 add.
2654 4067 2792 4121 M²b

661 4212 732 4266 20
765 4211 881 4280 illo]
920 4211 1032 4264 loco
1074 4207 1126 4263 G
1299 4207 1368 4261 23
1405 4206 1608 4260 carnali
1642 4206 1699 4260 R
1858 4207 1928 4260 24
1962 4207 2019 4259 in
2054 4206 2317 4274 corporeis
2351 4206 2383 4261 b
2550 4205 2621 4259 25
2657 4179 2933 4273 prolocuti

660 4298 744 4360 D,
803 4295 1067 4365 prolocuti
1100 4297 1156 4352 R
1193 4294 1427 4348 editores
1599 4293 1800 4346 fuimus
1840 4294 1893 4348 G
2077 4291 2145 4345 26
2181 4291 2399 4361 abyssos
2435 4291 2725 4346 memoriae
2762 4291 2933 4344 solius

660 4385 692 4439 b
721 4382 840 4438 Seh.
