3175 5050
968 439 1058 493 De
1091 439 1285 496 statu
1319 439 1586 497 animae
1620 439 1979 510 praefatio.
2527 442 2609 511 19

343 631 550 698 multa
603 629 821 698 exinde
881 631 1167 696 deriuare·
1218 628 1468 712 poterit,
1527 647 1685 711 quae
1740 629 1859 694 etsi
1902 630 2187 714 angustis
2244 634 2605 698 emanantia

342 734 588 800 uenulis
647 734 716 799 in
775 750 1034 818 magnos
1092 734 1304 798 tamen
1355 751 1572 798 amnes
1629 731 1905 815 longiore
1961 750 2257 814 procursu
2304 733 2605 799 exubera-

343 842 525 905 bunt.
571 855 683 922 ego
715 854 863 901 uero
899 839 964 900 et
1005 835 1334 902 fraudatus
1379 833 1675 918 temporis
1722 840 1787 898 et
1831 836 2165 917 occupatus
2206 837 2402 902 animi
2447 837 2603 903 satis

343 941 558 1022 habui,
635 941 941 1024 quantum
1011 942 1090 1005 ad
1162 938 1397 1024 negotii
1470 938 2028 1021 praeeminentiam
2088 941 2351 1022 spectat,
2414 959 2601 1023 quam

299 1073 325 1112 5
346 1045 722 1111 succinctim
769 1045 954 1127 atque
997 1043 1094 1108 uti
1139 1044 1336 1128 digito
1381 1045 1486 1108 uel
1515 1044 1809 1108 denotare
1851 1042 2109 1107 uitanda
2150 1043 2253 1108 uel
2282 1045 2605 1110 ostendere

345 1148 672 1231 sequenda.
749 1167 896 1213 sane
962 1147 1326 1229 opusculum
1393 1147 1554 1211 illud
1620 1146 1753 1212 sine
1821 1149 2069 1212 auctore
2148 1146 2466 1229 proditum
2538 1149 2605 1212 et

345 1269 782 1334 usquequaque
827 1249 1328 1333 proquiritatum,
1376 1251 1508 1313 toto
1555 1248 1804 1330 agmine
1862 1249 1962 1314 sui
2019 1251 2087 1314 in
2130 1249 2263 1315 acie
2310 1251 2604 1316 eductum

345 1342 410 1420 et
461 1355 744 1420 conserta
803 1354 980 1420 nobis
1041 1371 1234 1418 manu
1293 1369 1695 1435 congressum
1746 1350 2047 1418 uiceritne
2103 1353 2453 1430 cesseritne‚
2511 1355 2604 1434 tu,

343 1458 668 1540 potissime
711 1458 1108 1535 disertorum,
1157 1457 1314 1535 ferto
1358 1455 1759 1522 sententiam.

274 1605 324 1644 ιο
432 1577 550 1646 Sed
575 1579 931 1661 utquisque
955 1579 1230 1643 lecturus
1255 1597 1288 1642 e
1312 1577 1589 1662 praefato
1616 1577 1919 1661 percipiat
1947 1578 2080 1643 stili
2112 1579 2310 1644 nostri
2340 1581 2602 1644 seriem:

341 1683 582 1766 primus
641 1679 804 1748 liber
859 1683 926 1746 in
983 1683 1080 1746 sui
1145 1680 1484 1762 primordio
1529 1680 1807 1746 breuiter
1852 1681 2125 1746 adstruit
2167 1681 2597 1764 inpassibilem

345 1786 746 1852 diuinitatem
790 1786 952 1851 nulli
994 1804 1246 1870 prorsus
1301 1785 1576 1852 adfectui
1620 1785 1963 1852 subiacere.
2038 1789 2180 1870 post
2231 1786 2307 1850 de
2351 1786 2599 1851 animae

341 1890 508 1954 statu
558 1889 805 1954 uarium
849 1910 991 1956 cum
1023 1889 1378 1955 aduersario
1413 1889 1737 1955 luctamen
1767 1888 2056 1954 alternat.
2118 1887 2343 1956 abhinc
2374 1887 2598 1953 itidem

342 1994 420 2056 ad
465 1993 870 2058 erudiendum
925 1993 990 2057 in
1039 2011 1108 2058 ea
1153 2011 1311 2075 quae
1355 1996 1506 2057 sunt
1551 1992 1913 2059 obscuriora
1940 1993 2242 2058 lectorem
2273 1990 2597 2074 quippiam

273 2121 324 2160 15
343 2116 414 2160 ex
473 2095 869 2178 geometricis
929 2097 993 2160 et
1055 2095 1474 2161 arithmeticis
1537 2097 1727 2179 atque
1784 2095 1976 2160 etiam
2024 2114 2096 2160 ex
2140 2094 2487 2160 dialecticis
2534 2098 2599 2156 et

341 2198 679 2279 nonnullis,
711 2201 894 2280 prout
922 2197 1212 2264 interfuit
1239 2199 1404 2277 usui,
1435 2197 2035 2281 philosophomenon
2058 2198 2294 2279 regulis
2320 2198 2597 2263 modeste

341 2321 414 2366 ac
457 2305 772 2367 moderate
825 2305 889 2366 et
933 2321 1120 2384 quam
1163 2301 1373 2385 potuit
1415 2301 1688 2385 parciter
1731 2301 2111 2383 praelibauit
2154 2300 2373 2366 habita
2418 2301 2595 2365 iden-

341 2404 540 2469 tidem
586 2421 727 2469 cum
774 2404 1034 2469 aduersa
1076 2406 1252 2486 parte
1297 2403 1748 2488 congressione,
1804 2404 2013 2488 sicque
2060 2403 2318 2470 adiectis
2363 2402 2594 2466 nostris

341 2508 580 2590 aliquot
652 2509 782 2573 sine
847 2507 1197 2573 alienorum
1261 2508 1786 2591 interpolamento
1851 2507 2039 2574 finem
2105 2507 2267 2573 liber
2331 2507 2598 2589 accepit.

442 2800 472 2853 1
519 2798 706 2855 exinde
749 2800 899 2866 DM,
960 2801 1148 2855 exhinc
1192 2802 1310 2856 rell.
1518 2802 1553 2855 2
1596 2802 1795 2871 amnes]
1832 2816 1933 2857 om.
1968 2802 2076 2867 M¹,
2137 2784 2251 2856 οἷιὲ
2292 2800 2361 2865 G,
2420 2814 2602 2855 omnes

337 2886 394 2971 Β
566 2886 858 2955 longiorem
883 2887 966 2952 Β,
1020 2887 1249 2956 largiore
1270 2890 1334 2956 10²
1505 2888 1538 2942 3
1575 2890 1814 2957 tempore
1850 2888 1965 2942 Mb
2138 2889 2315 2942 animo
2350 2887 2462 2941 Mb

337 2988 443 3025 non
475 2978 630 3027 ‘ante
682 2973 818 3026 satis
869 2972 1028 3027 addit
1075 2974 1106 3027 b
1310 2976 1348 3028 4
1399 2973 1807 3043 preminentiam
1864 2972 2086 3027 BHRS
2153 3001 2157 3004 -
2285 2976 2493 3041 spectat
2531 2973 2601 3039 G,

338 3060 576 3126 espectet
609 3058 701 3124 M,
760 3059 1006 3127 llspcctat
1041 3060 1120 3125 Β,
1181 3063 1424 3129 expectat
1457 3059 1576 3114 rell.
1613 3076 1737 3113 cum
1772 3060 1883 3115 PT
2085 3060 2264 3127 quam]
2309 3074 2429 3112 eum
2464 3058 2601 3113 AB*

337 3142 622 3211 EFHRS,
645 3146 784 3198 ‘tum
806 3144 880 3209 D,
922 3160 1109 3200 uocem
1131 3144 1234 3203 del.
1265 3146 1342 3199 Β8
1539 3146 1571 3199 5
1598 3145 1702 3215 uti]
1728 3144 1901 3199 ueluti
1924 3145 2141 3199 mauult
2164 3144 2460 3200 Har-telius

339 3231 370 3283 7
407 3230 820 3299 perquiritatum
849 3247 892 3298 p
1076 3232 1193 3285 tota
1229 3232 1285 3287 Β
1476 3231 1561 3285 sui
1589 3236 1717 3299 post
1752 3230 1863 3284 acie
1897 3230 2160 3287 collocant
2192 3228 2302 3284 HS
2486 3230 2599 3297 atie

336 3316 408 3383 Β,
443 3316 608 3371 aciem
641 3316 900 3371 Gallam.
1071 3318 1354 3371 aeductum
1378 3316 1482 3373 RS
1650 3318 1685 3369 8
1708 3315 1982 3371 nobiscum
2008 3316 2240 3371 editores
2412 3316 2597 3385 manu]

335 3392 594 3471 magnum
631 3404 706 3457 Μ
871 3404 1096 3459 uiceritll
1139 3404 1186 3460 G
1389 3404 1671 3459 cesseritue
1708 3403 1833 3461 8⁶71.
2038 3419 2109 3458 an
2143 3408 2277 3458 ante
2310 3404 2600 3458 cesseritne

336 3486 467 3543 add.
513 3488 564 3543 G
742 3491 828 3559 tu]
863 3492 1015 3543 tuam
1050 3490 1106 3543 Β
1291 3492 1324 3544 9
1357 3492 1413 3544 et
1448 3490 1799 3544 dissertorum
1837 3489 1917 3555 Β,
1977 3487 2323 3542 dissertorum
2359 3488 2465 3545 RS

335 3577 488 3628 uerto
525 3574 686 3638 B1R,
748 3580 963 3644 expecto
1008 3576 1089 3629 Β*
1122 3576 1186 3629 in
1220 3591 1414 3645 mar-9„
1474 3578 1625 3629 uerte
1668 3573 1779 3629 HS
1981 3574 2048 3628 10
2082 3591 2109 3628 e
2142 3574 2386 3643 praefato
2422 3575 2599 3641 HM2,

335 3676 365 3715 e
411 3661 622 3729 priuato
677 3661 786 3729 111¹,
853 3662 1094 3730 praefato
1146 3660 1429 3729 ABGRS,
1499 3660 1748 3729 praefatu
1804 3660 1871 3727 G,
1932 3660 2316 3729 praefationem
2369 3660 2602 3715 DEFP

337 3754 457 3809 Sch.
467 3794 485 3820 ,
545 3771 572 3808 e
619 3755 950 3825 praefatione
997 3756 1054 3823 b,
1124 3755 1350 3824 praefati
1397 3756 1689 3811 Harteliws
1734 3755 1936 3825 (iungit
1982 3770 2105 3808 eum
2151 3754 2269 3807 stili
2302 3774 2371 3800 =
2404 3753 2597 3821 operis,

334 3875 407 3941 cf.
428 3890 560 3946 pay.
585 3878 674 3942 26,
698 3879 789 3942 10)
961 3875 1220 3945 precipiat
1255 3874 1427 3942 ΒΟΒ,
1452 3876 1535 3929 A²
1569 3876 1633 3929 in
1654 3891 1821 3946 τηαν-9.
1994 3875 2121 3929 stilo
2158 3874 2214 3929 Β
2384 3840 2600 3929 sedign-

333 3972 471 4026 tiam
507 3970 557 4025 S
733 3971 797 4024 11
835 3985 929 4025 suo
969 3970 1022 4027 G·
1192 3969 1564 4039 inpossibilem
1600 3968 1657 4023 Β
1842 3970 1907 4025 13
1943 3968 2155 4038 abhinc]
2194 3968 2262 4023 ad
2296 3968 2433 4023 hanc
2467 3969 2599 4025 libri

327 4072 555 4145 praeter
599 4066 792 4123 CGM²
990 4066 1056 4120 14
1091 4065 1398 4121 obscuriosa
1431 4064 1487 4119 Β
1682 4064 1745 4119 16
1782 4080 1891 4134 pro
1926 4064 2414 4117 nonnullis—usui
2449 4064 2597 4119 Βακτ-

333 4190 480 4243 thius
517 4187 771 4243 coniecit:
829 4185 1398 4241 nonnihil—musicae
1604 4182 1813 4239 filosofe
1847 4200 1932 4239 me
1966 4192 2037 4237 no
2074 4182 2168 4248 M,
2228 4182 2596 4251 philosophiae

333 4299 430 4337 uec
463 4298 569 4337 non
603 4284 637 4339 b
844 4282 910 4336 18
955 4281 1176 4335 aduersa
1216 4280 1307 4347 M,
1369 4278 1580 4333 diuersa
1615 4279 1733 4333 rell.
1950 4280 2015 4333 18
2050 4280 2351 4349 congressio
2388 4278 2599 4333 codices

334 4384 520 4422 omnes
726 4368 792 4423 19
827 4366 1044 4436 aliquod
1079 4365 1377 4433 ABGGR,
1437 4364 1621 4434 aliquo
1658 4364 1723 4430 S,
1782 4364 1996 4433 aliquoll
2032 4364 2102 4418 H

2320 4466 2391 4519 28
