3175 5050
647 459 730 528 12
1476 459 1722 516 Fausti
1759 459 2076 516 Roiensis

643 645 764 714 hoc
817 647 1003 730 ipsud
1064 648 1350 716 localiter
1419 651 1572 733 agit,
1648 654 1713 715 et
1772 651 1907 716 siue
1965 650 2181 718 urbem
2244 653 2381 718 sime
2448 671 2909 736 quamcumque

639 750 964 834 regionem
1009 751 1260 834 cogitet,
1309 751 1401 818 ibi
1446 753 1699 818 tantum
1744 772 1927 820 sensu
1962 756 2391 822 commorante
2420 755 2739 841 defigitur,
2786 775 2907 839 quo

639 854 842 920 animi
899 855 1246 920 intentione
1301 859 1611 938 raptatur.
1684 856 2019 942 imaginari
2064 858 2185 924 sibi
2230 858 2441 942 aliqua
2485 859 2715 941 potest,
2762 877 2908 930 con-

645 957 838 1040 plecti
884 956 1095 1022 omnia
1151 959 1343 1028 simul
1387 977 1512 1026 non
1553 962 1777 1043 potest.
1857 979 2002 1027 cum
2046 979 2192 1044 ergo
2224 962 2440 1027 anima
2466 963 2911 1030 Alexandriam

639 1061 750 1128 uel
805 1061 1305 1145 Hierosolymam
1367 1064 1689 1148 cogitauit,
1747 1065 1801 1130 si
1845 1083 1991 1130 uere
2036 1066 2173 1130 illic
2215 1067 2351 1132 tota
2394 1066 2495 1131 sui
2539 1067 2909 1151 praesentia,
2952 1087 2980 1128 ⁵

645 1166 719 1228 ut
783 1165 1132 1244 arbitraris,
1190 1165 1498 1246 interfuit,
1566 1167 1801 1233 referat
1864 1168 2047 1234 nobis
2102 1169 2262 1235 situs
2332 1171 2630 1252 locorum,
2691 1170 2911 1234 uultus

645 1267 989 1352 hominum,
1057 1272 1265 1334 motus
1337 1272 1631 1352 actusque
1687 1272 2082 1352 populorum.
2159 1271 2269 1337 sed
2322 1272 2439 1338 hoc
2494 1271 2679 1355 ipsud
2746 1273 2911 1354 quod

645 1389 812 1436 nunc
866 1371 1031 1436 inter
1085 1390 1197 1438 nos
1257 1375 1628 1438 commercia
1680 1391 2039 1440 sermonum
2094 1379 2320 1440 mutua
2362 1375 2621 1457 spiritus
2666 1375 2911 1441 actione

644 1476 997 1555 miscemuS,
1059 1477 1231 1558 loqui
1289 1495 1388 1541 me
1431 1476 1777 1557 uobiscum,
1824 1481 1933 1544 sed
1980 1479 2147 1559 apud
2190 1477 2635 1544 conscientiam
2677 1497 2909 1559 meam,

645 1579 866 1656 sentio,
924 1580 1002 1645 ad
1058 1595 1166 1644 uos
1223 1597 1367 1644 uero
1431 1599 1532 1644 me
1590 1579 1923 1646 accessisse
1983 1598 2107 1646 non
2166 1583 2384 1646 sentio.
2461 1597 2610 1645 nam
2666 1581 2719 1644 si
2762 1596 2912 1644 uere
2930 1603 2981 1644 ιο

643 1683 858 1748 anima
901 1699 1043 1748 cum
1087 1681 1219 1748 suis
1257 1682 1407 1748 ferri
1437 1683 1719 1748 sensibus
1750 1684 2041 1764 creditur,
2088 1685 2154 1750 et
2198 1684 2299 1749 his
2330 1702 2593 1767 quorum
2624 1683 2912 1749 reminis-

643 1783 809 1852 citur
863 1784 1003 1868 ipsa
1059 1803 1168 1868 per
1217 1805 1281 1850 se
1338 1785 1470 1850 suis
1517 1786 2001 1868 cogitationibus
2060 1790 2512 1869 praesentatur.
2588 1804 2732 1852 ecce
2797 1806 2914 1869 per

649 1887 800 1954 haec
842 1890 1191 1971 praesentis
1237 1892 1534 1971 temporis
1590 1895 1905 1956 momenta
1948 1909 2062 1956 uos
2108 1893 2311 1975 cogito
2356 1895 2419 1956 et
2463 1893 2671 1958 animo
2716 1890 2913 1955 remi-

647 1992 930 2058 niscente
971 2011 1107 2077 uos,
1138 1993 1342 2073 uideo,
1389 1995 1498 2060 sed
1527 1994 1898 2060 omnimodis
1930 1996 2077 2078 quid
2108 1997 2338 2079 geratis
2372 1995 2437 2059 et
2464 1998 2680 2062 utrum
2712 1993 2916 2076 quieti

645 2113 728 2160 an
788 2094 1040 2160 lectioni
1097 2097 1202 2162 uel
1247 2098 1514 2164 orationi
1555 2097 1793 2163 uacetis
1850 2100 2081 2181 ignoro.
2162 2100 2271 2164 sed
2322 2099 2438 2165 hoc
2493 2098 2635 2164 ideo
2682 2096 2913 2174 euenit,
2933 2116 2981 2158 ιε

646 2199 797 2279 quia
845 2199 925 2264 ad
970 2215 1080 2266 uos
1127 2199 1330 2266 cordis
1377 2200 1646 2279 adfectu,
1676 2218 1799 2266 uon
1844 2200 1982 2284 ipsa
2012 2202 2403 2268 substantiae
2432 2219 2609 2267 meae
2640 2201 2915 2266 ueritate

643 2301 962 2382 peruenio.
1036 2321 1234 2386 neque
1294 2305 1464 2368 enim
1523 2303 1593 2368 in
1652 2306 1782 2370 suis
1849 2305 2127 2370 motibus
2180 2323 2334 2387 quos
2391 2322 2555 2370 nunc
2620 2305 2911 2386 optimos,

645 2421 812 2469 nunc
855 2404 1156 2485 pessimos
1203 2421 1333 2472 esse
1379 2405 1709 2482 sentimus,
1758 2407 2007 2473 animae
2050 2410 2300 2473 nostrae
2344 2410 2573 2472 natura
2598 2405 2915 2472 consistit.

645 2526 796 2573 nam
853 2509 912 2574 si
969 2528 1080 2591 per
1135 2510 1542 2593 cogitationes
1600 2528 1744 2575 suas
1800 2511 2087 2576 constare
2146 2509 2454 2576 credenda
2498 2511 2613 2589 est,
2664 2528 2775 2575 cur
2817 2508 2915 2575 eis

645 2611 964 2675 interdum
1009 2614 1520 2686 euanescentibus
1567 2616 1756 2698 atque
1801 2613 2207 2697 pereuntibus
2253 2615 2387 2696 ipsa
2432 2613 2497 2677 in
2542 2612 2643 2678 sui
2688 2612 2913 2695 uigore
2932 2636 2983 2677 so

645 2714 835 2795 atque
880 2716 1206 2781 alacritate
1253 2717 1599 2797 perdurat?
1644 2721 1911 2799 quantae
1960 2734 2107 2799 ergo
2150 2717 2223 2781 in
2265 2716 2441 2782 nobis
2473 2714 2912 2797 frequentissi-

643 2836 785 2883 mae
829 2818 1237 2903 cogitationes
1283 2824 1348 2884 et
1391 2838 1573 2885 curae
1620 2819 1814 2886 etiam
1859 2819 2201 2885 salubriter
2246 2818 2603 2884 moriuntur
2636 2819 2708 2883 et
2741 2818 2915 2883 uitae

735 3108 781 3161 ·1
831 3107 980 3175 ipsut
1037 3105 1222 3174 GHR,
1284 3109 1461 3176 ipsum
1508 3108 1739 3163 EFMS
1761 3106 1881 3162 Sela.
2090 3108 2210 3175 agit
2256 3106 2331 3176 et]
2381 3106 2557 3175 agitet
2599 3108 2654 3159 Z
2856 3108 2920 3160 et

645 3194 696 3247 si
740 3192 928 3249 urbem
978 3193 1024 3248 S
1225 3194 1260 3249 2
1311 3196 1759 3249 commemorante
1804 3194 1914 3249 Ma
1948 3198 2003 3247 et
2040 3192 2295 3247 Schema
2514 3192 2549 3246 3
2595 3192 2918 3261 intentione]

643 3280 812 3335 simul
856 3279 988 3335 add.
1024 3282 1095 3349 Ρ*
1302 3280 1544 3349 rapiatur
1588 3278 1853 3335 ABH¹S¹
2060 3278 2096 3330 4
2142 3278 2323 3333 omnia
2358 3278 2541 3347 simul]
2588 3277 2698 3333 sibi
2734 3279 2921 3333 onmis.

645 3366 722 3421 M
727 3366 759 3420 b
773 3406 792 3434 ,
851 3366 1015 3421 simul
1050 3367 1230 3419 omnia
1273 3366 1330 3421 R
1537 3366 1689 3435 ergo]
1734 3379 1860 3419 uero
1910 3366 2015 3421 Ma
2050 3370 2103 3419 et
2138 3362 2397 3419 Schottus
2600 3364 2639 3419 5
2684 3365 2731 3417 si
2766 3364 2916 3435 uere]

644 3486 761 3539 siue
797 3486 854 3539 Z
877 3485 1164 3552 camisiae,
1223 3486 1270 3539 si
1305 3458 1436 3540 uero
1470 3486 1517 3541 S
1780 3485 1811 3538 7
1857 3484 2055 3553 motus]
2102 3484 2245 3539 ritus
2291 3484 2400 3539 Ma
2434 3490 2487 3539 et
2522 3480 2779 3539 &hot-'tue
2904 3520 2907 3525 -

645 3580 886 3648 actisque
917 3580 974 3634 A
1179 3580 1330 3646 ipsut
1372 3579 1534 3636 GHR
1547 3620 1560 3645 ‚
1620 3580 1797 3649 ipsum
1831 3578 2169 3634 BEFMSZ
2188 3578 2311 3634 Scit.
2518 3578 2555 3633 8
2599 3579 2918 3634 commercio

646 3666 756 3721 Ma
1003 3664 1215 3719 actione
1265 3666 1320 3719 Z
1563 3666 1601 3719 9
1651 3664 1928 3719 miscimus
1983 3664 2227 3729 0=H¹R,
2297 3663 2497 3717 scimus
2550 3664 2605 3718 Z
2632 3664 2919 3730 Caninius,

645 3752 931 3807 miscemur
983 3751 1015 3805 b
1237 3750 1561 3805 conscientia
1620 3750 1667 3806 0
1887 3765 2059 3803 meam
2112 3764 2211 3803 om.
2268 3750 2375 3803 Ma
2424 3755 2478 3805 ct
2522 3750 2780 3805 schottus

648 3838 716 3893 10
749 3854 876 3895 uero
909 3853 1011 3892 om.
1047 3836 1100 3890 Z
1126 3836 1394 3892 canisius
1584 3838 1647 3890 11
1684 3838 1825 3891 ferre
1860 3835 1971 3889 AB
1981 3834 2194 3901 0H2R,
2254 3850 2309 3887 se
2346 3835 2481 3890 ferre
2518 3835 2777 3891 Schottus

646 3924 1042 3979 reminiscimur
1087 3922 1196 3977 Ma
1237 3929 1290 3978 et
1330 3921 1586 3978 Schottus
1806 3922 1873 3976 13
1918 3919 2203 3989 temporib.
2255 3921 2315 3976 R
2518 3920 2917 3977 reminiscentes

644 4012 700 4065 Z
921 4011 989 4065 14
1035 4009 1125 4063 sed
1168 4010 1390 4077 scripsi,
1453 4012 1508 4063 et
1553 4008 1708 4076 libri,
1770 4023 1995 4077 quorum
2041 4006 2173 4061 add.
2217 4005 2273 4059 Z
2300 4006 2589 4073 (lanistas,
2647 4006 2821 4076 quod,
2867 4008 2919 4063 si

645 4096 969 4151 Hartelium
993 4102 1211 4151 secutus
1235 4090 1525 4151 addideris
1561 4094 1801 4160 memini,
1834 4092 2107 4149 commode
2128 4092 2368 4147 retinere
2388 4093 2597 4161 poteris
2792 4108 2916 4149 om-

645 4216 735 4269 nis
770 4215 943 4270 modis
979 4214 1074 4280 M,
1135 4214 1384 4269 omnibus
1419 4214 1597 4272 modis
1630 4215 1663 4269 b
1867 4213 2037 4283 quieti
2074 4213 2163 4281 an]
2200 4178 2239 4280 ᾇ
2272 4212 2382 4267 etia
2416 4212 2491 4265 M
2638 4246 2645 4249 -
2695 4213 2760 4269 15
2796 4229 2917 4267 ora-

645 4309 798 4367 tione
848 4310 905 4365 R
1113 4308 1180 4365 18
1231 4309 1500 4378 consistit]
1557 4308 1827 4363 consentit
1879 4308 2027 4362 Mb*
2207 4306 2276 4362 21
2330 4322 2457 4375 ergo
2511 4323 2614 4363 om.
2668 4307 2779 4361 Ma

643 4395 716 4451 22
751 4396 1100 4466 cogitationis
1137 4396 1188 4450 Z
1390 4396 1564 4449 uitam
1600 4394 1991 4449 ABEFHRS
2012 4393 2133 4448 Βοὴ.
