3175 5050
557 449 727 496 XLVI

556 619 834 698 statuas,
875 615 1038 698 quod
1085 632 1158 678 ex
1203 614 1409 678 uerbis
1453 617 1510 677 et
1553 613 1721 678 dia-it
1764 613 1915 678 deus
1962 617 2121 697 apte
2147 611 2271 678 huc
2313 629 2555 694 quoque
2596 609 2816 676 referri

555 715 728 784 licet.
791 717 1041 782 datiuus
1073 716 1293 796 Moysi
1323 716 1536 780 autem
1578 716 1813 798 pendet
1842 735 1875 779 e
1922 715 2206 796 loquitur
2248 714 2384 800 (94,
2420 714 2500 778 19
2530 711 2817 794 loquitur

553 818 713 883 mihi
771 819 1044 900 ueritas,
1105 817 1185 883 cf.
1229 818 1334 899 62,
1379 818 1438 883 2.
1493 817 1599 899 95,
1642 819 1733 901 2).
1810 820 2057 901 egregie
2122 835 2269 882 uero
2338 815 2817 881 commendatur

553 922 704 986 haec
762 922 1088 1004 explicatio
1148 921 1548 1005 sequentibus
1608 921 1817 987 uerbis
1878 921 2145 986 diuinae
2198 917 2367 984 istud
2408 918 2815 984 auctoritatis

553 1023 884 1106 eloquium,
944 1025 1024 1089 ad
1069 1043 1222 1106 quae
1266 1023 1490 1088 melius
1537 1024 1801 1106 quadrat
1841 1023 2267 1106 praecedentis
2310 1023 2623 1088 enuntiati
2664 1024 2813 1090 sub-

551 1127 783 1192 iectum
828 1127 996 1209 deus,
1042 1145 1228 1209 quam
1273 1125 1550 1210 Moyses,
1594 1163 1683 1174 -
1731 1126 1874 1208 106,
1918 1128 1961 1192 6
2010 1127 2117 1190 sin
2158 1129 2367 1190 autem
2412 1125 2600 1190 istius
2640 1125 2815 1190 nwdi

546 1232 1018 1314 praepositione
1060 1230 1436 1312 simpliciter
1462 1249 1618 1295 usus
1661 1250 1752 1296 es:
1800 1229 2224 1296 accusatiuum
2257 1229 2811 1312 praepositionem,

555 1354 740 1417 quem
783 1338 1031 1418 praeter
1075 1333 1266 1400 FMS
1311 1351 1524 1398 omnes
1581 1333 1735 1398 libri
1786 1334 1979 1417 (man.
2024 1333 2239 1415 prim.)
2283 1332 2597 1415 praebent,
2643 1351 2811 1398 nunc

555 1438 621 1502 in
666 1439 912 1504 textum
957 1437 1384 1521 recipiendum
1415 1439 1584 1519 puto,
1632 1455 1773 1501 cum
1806 1436 2339 1501 constructionum
2368 1435 2813 1500 obsoletiorum

553 1544 870 1607 amantem
902 1541 1092 1606 fuisse
1123 1540 1540 1606 Claudianum
1571 1559 1605 1606 e
1642 1539 1746 1621 65,
1782 1541 1863 1606 15
1892 1539 2305 1603 adtentiorem
2333 1537 2495 1602 mihi
2524 1537 2811 1604 lectorem

550 1662 706 1721 opus
747 1647 836 1708 est
878 1649 1191 1728 appareat.
1238 1681 1326 1692 —-
1366 1645 1507 1726 137,
1551 1643 1597 1708 4
1639 1644 1753 1725 qui
1794 1643 2023 1725 stipem
2065 1661 2255 1706 suam
2295 1642 2511 1706 uariis
2554 1641 2809 1708 conlur-

551 1747 976 1813 cinationibus
1028 1747 1428 1828 dilapidauit
1487 1765 1629 1812 cum
1674 1746 1932 1813 Schotto
1976 1747 2360 1829 scripsimus,
2421 1764 2565 1811 cum
2622 1747 2807 1828 plane

548 1849 714 1916 idem
758 1852 1003 1934 legatur
1044 1851 1212 1932 apud
1254 1850 1593 1934 Apuleium
1640 1853 1715 1916 de
1761 1869 1927 1934 mag.
1975 1850 2087 1916 75:
2158 1850 2531 1915 omnimodis
2573 1848 2809 1914 collur-

549 1953 978 2019 cinationibus
1029 1953 1452 2035 dilapidauit.
1527 1953 1637 2018 sed
1698 1954 1823 2019 iam
1881 1972 2115 2031 uereor,
2175 1973 2251 2018 ne
2297 1955 2465 2019 recte
2511 1952 2807 2018 Barthius

551 2057 830 2121 codicum
875 2058 1154 2122 omnium
1186 2057 1562 2140 scripturam
1608 2055 2270 2121 conlucernationibus
2315 2057 2665 2122 defenderit
2707 2056 2807 2124 di-

550 2179 724 2225 cens:
759 2158 1334 2225 conlucernationes
1365 2159 1605 2243 eyreyie
1626 2159 1933 2224 dicuntur
1960 2159 2427 2224 comissationes
2457 2164 2809 2226 nocturnae

551 2263 636 2327 ad
703 2261 998 2326 lucernas
1063 2262 1317 2344 saepius
1383 2263 1791 2328 instauratas
1855 2263 1959 2328 uel
2022 2265 2250 2326 mutua
2314 2261 2807 2329 libidinosorum

550 2364 877 2429 hominum
907 2363 1281 2448 peruiyilia.

633 2469 750 2534 His
795 2468 950 2534 locis
995 2469 1219 2535 addere
1261 2469 2006 2552 placet.emendationum
2038 2468 2132 2556 (in
2160 2468 2475 2554 epilogum
2504 2469 2805 2537 librorum

549 2572 626 2635 de
669 2573 838 2637 statu
884 2571 1149 2656 animae,
1207 2592 1394 2655 quem
1449 2592 1649 2639 unum
1696 2574 1970 2639 codicem
2014 2574 2085 2638 Μ
2127 2571 2307 2639 nobis
2354 2592 2631 2639 seruasse
2675 2574 2807 2639 iam

548 2676 848 2759 diximus)
915 2676 1156 2759 seriem,
1225 2696 1407 2759 quam
1475 2675 1551 2742 G.
1610 2678 1896 2743 Hartelio
1960 2677 2275 2742 debemus.
2357 2679 2497 2759 191,
2548 2678 2629 2743 10
2695 2676 2809 2743 ille

545 2781 836 2863 proponit
854 2775 1132 2861 phorum
1165 2778 1274 2865 (=
1288 2780 1832 2862 philosophorum)
1868 2797 1981 2861 pro
2002 2798 2236 2861 eorum,
2268 2798 2425 2861 quae
2456 2780 2807 2847 coniectura

547 2883 1019 2967 elegantissima
1077 2886 1269 2949 etiam
1327 2886 1625 2950 maiorem
1682 2883 1877 2949 habet
1933 2882 2575 2962 uerisimilitudiuem,
2632 2886 2688 2950 si
2739 2884 2801 2949 in

547 3005 774 3087 codice,
835 3024 908 3069 ex
967 3024 1084 3087 quo
1128 3003 1198 3069 M
1254 3007 1603 3089 descriptus
1662 3005 1777 3085 est,
1836 3004 2027 3069 fuisse
2072 3006 2374 3088 scriptum
2420 3022 2658 3069 Foumu
2700 3024 2803 3070 su-

547 3109 797 3173 mimus,
873 3127 994 3192 qua
1065 3109 1497 3174 emendatione
1570 3112 1823 3192 recepta
1894 3108 2005 3171 lin.
2080 3110 2152 3172 11
2231 3105 2381 3171 inde
2452 3126 2563 3192 pro
2636 3108 2807 3173 unde

550 3212 934 3297 (undeunde)
977 3213 1284 3278 scribatur
1329 3230 1573 3277 necesse
1606 3214 1716 3276 est.
1755 3250 1828 3261 -
1872 3210 2014 3293 192,
2064 3211 2097 3275 1
2146 3210 2465 3276 Hartelius
2510 3212 2603 3277 sic
2646 3211 2803 3277 scri-

543 3314 815 3382 bendum
877 3336 1009 3381 esse
1069 3319 1310 3381 censet:
1367 3314 1534 3396 quod
1577 3315 1784 3396 ipsius
1827 3315 1923 3379 rei
1966 3316 2277 3400 imaqines
2323 3319 2651 3396 tamquam
2687 3335 2806 3397 per

543 3437 761 3483 sensus
805 3419 1087 3502 corporis
1140 3419 1216 3483 in
1261 3418 1526 3483 auribus
1569 3419 1945 3483 intromittit
1986 3424 2169 3501 atque
2222 3418 2529 3502 diyerit
2572 3436 2801 3483 memo·-

541 3521 746 3604 riae,
806 3542 881 3586 ac
929 3522 1099 3587 sicut
1155 3522 1548 3604 loquentibus
1603 3523 1783 3587 nobis
1827 3522 2269 3608 intelleyimus,
2330 3527 2387 3587 et
2430 3521 2804 3588 absentia

541 3644 756 3689 rerum
813 3645 965 3707 per
1034 3626 1350 3708 imayines
1415 3628 1796 3691 memoria
1858 3630 2131 3691 retentas
2173 3680 2188 3694 .
2237 3675 2254 3691 .
2296 3628 2648 3710 coyitamus
2712 3628 2803 3693 sic

540 3748 792 3795 sensum
837 3728 1178 3812 explicans:
1233 3720 1368 3793 ‘der
1411 3727 1623 3791 Name
1666 3729 1877 3811 brinyt
1917 3728 2022 3793 dic
2082 3726 2557 3813 Vorstellunyen
2599 3730 2805 3795 durch

540 3831 642 3895 die
704 3830 1090 3913 kdrperliche
1144 3828 1584 3913 Emptinduny
1649 3831 1725 3895 in
1790 3831 1907 3896 das
1966 3829 2107 3896 ohr-
2161 3830 2299 3896 und
2359 3832 2649 3897 verbucht
2711 3834 2805 3899 sie

540 3935 679 4000 dem
744 3932 1129 4001 Gedc’tchtnis
1176 3934 1478 4020 (digerit),
1545 3934 1683 3999 und
1737 3934 1854 3999 wie
1909 3936 2030 3999 wir
2084 3954 2211 4000 uns
2266 3934 2587 4001 verstehen
2639 3935 2801 4002 beim

542 4038 765 4104 Reden
806 4036 1030 4120 (durch
1060 4038 1162 4103 die
1189 4038 1507 4121 nomina),
1552 4058 1621 4102 so
1663 4043 1987 4121 vermo‘yen
2031 4038 2153 4103 wir
2196 4038 2544 4104 abwesende
2587 4036 2803 4125 Dinye

539 4140 740 4206 durch
768 4140 869 4205 die
898 4138 1325 4226 Erinneruny
1352 4160 1433 4207 zu
1464 4138 1743 4207 denken’.
1802 4146 2081 4209 attamen
2125 4145 2191 4208 in
2236 4144 2565 4226 scriptura,
2609 4161 2799 4227 quam

541 4245 823 4311 dedimus
877 4245 944 4310 in
1000 4247 1196 4327 textu,
1254 4246 1430 4311 nobis
1486 4247 2005 4328 acquiescendum
2065 4266 2199 4313 esse
2253 4246 2629 4331 putauerim,
2675 4245 2797 4312 nisi

539 4349 702 4430 quod
761 4347 905 4432 192,
955 4349 988 4413 1
1035 4366 1190 4430 quos
1233 4368 1343 4433 pro
1388 4351 1552 4431 quod
1606 4349 2000 4416 scribendum
2046 4353 2165 4437 est,
2224 4370 2367 4417 cum
2413 4369 2629 4416 sensus
2673 4349 2795 4415 loci
