3175 5050
976 457 1065 512 De
1100 460 1289 512 statu
1325 458 1590 510 animae
1636 455 1727 510 ΙΙΙ
1764 456 1848 510 16.
2423 455 2547 522 187

1087 647 1148 712 9.
1198 648 1300 711 De
1355 663 1750 711 mensura.

365 803 533 867 Item
575 802 901 884 longitudo
946 801 1220 865 latitudo
1265 805 1329 865 et
1372 800 1644 866 altitudo
1688 800 1756 864 in
1804 817 2055 882 corpore
2086 801 2334 866 suntet
2364 801 2549 883 quid-

275 907 428 988 quid
472 906 642 970 hisce
689 907 858 970 caret
915 921 1137 985 corpus
1195 921 1319 968 non
1377 906 1488 981 est,
1547 902 1721 967 hisce
1779 905 1990 967 autem
2053 907 2221 968 caret
2266 903 2545 968 animust

279 1025 506 1092 corpus
551 1009 746 1090 igitur
789 1026 912 1073 non
957 1010 1072 1073 est.

236 1236 264 1276 5
864 1214 964 1278 10.
1009 1213 1114 1278 De
1159 1214 1431 1278 dextro
1491 1215 1568 1277 et
1614 1213 1971 1277 sinistro.

364 1367 672 1432 Dextrum
732 1369 1078 1446 sinistrum,
1141 1387 1389 1434 sursum
1443 1370 1752 1453 deorsum,
1800 1371 2077 1434 anterius
2122 1373 2185 1434 et
2230 1368 2545 1451 posterius

276 1471 343 1534 ’in
393 1471 562 1535 omni
606 1472 753 1535 sunt
797 1490 1070 1556 corpore,
1116 1471 1183 1536 in
1227 1471 1403 1538 nulla
1445 1476 1659 1537 autem
1703 1474 1851 1538 sunt
1894 1473 2136 1539 anima:
2183 1473 2546 1556 incorporea

279 1574 476 1655 igitur
519 1575 721 1638 omnis
767 1577 865 1639 est
907 1574 1135 1640 anima.

365 1695 464 1758 En
510 1712 826 1777 quousque
864 1713 935 1759 ex
966 1695 1137 1760 omni
1168 1694 1417 1760 scilicet
1448 1695 1949 1776 disputationum
1981 1698 2336 1759 nostrarum
2365 1698 2547 1778 parte

209 1823 261 1863 ιο
280 1798 698 1862 contraximus
744 1797 1048 1879 quidquid
1093 1800 1225 1864 toto
1272 1817 1450 1880 opere
1496 1799 1703 1864 moliti
1748 1816 1978 1875 sumna
2043 1797 2333 1879 quoniam
2382 1798 2546 1879 quod

279 1901 428 1966 istic
474 1918 660 1982 quam
708 1899 1080 1966 breuissime
1127 1901 1683 1984 recapitulauimus
1743 1902 1870 1965 nisi
1926 1899 2287 1982 praemissis
2330 1902 2544 1981 dispu-

279 2002 630 2069 tationibus
686 2004 824 2068 fieri
856 2004 1200 2086 'probabile
1243 2022 1370 2069 non
1414 2003 1641 2086 quiuit,
1690 2022 2069 2086 quamquam
2112 2003 2166 2068 si
2224 2004 2546 2084 negotium

279 2110 525 2172 tantum
591 2109 868 2173 adsertor
927 2109 1183 2174 idoneus
1251 2112 1516 2174 nanctus
1587 2111 1769 2191 esset,
1834 2127 1957 2174 non
2034 2107 2222 2174 sicuti
2296 2108 2547 2191 egomet

279 2209 652 2293 dignitatem
712 2230 937 2277 causae
997 2211 1334 2277 admodum
1410 2212 1615 2294 inpari
1674 2213 1950 2278 oratione
2019 2211 2545 2276 dehonorauisset.

201 2336 256 2376 15
279 2330 479 2394 neque
547 2332 692 2378 uero
757 2314 892 2394 ipse
958 2314 1279 2396 aliquanto
1339 2314 1532 2378 latius
1594 2315 2013 2396 prolixiusque
2070 2313 2237 2379 hanc
2282 2314 2544 2378 eandem

279 2416 701 2496 quaestionem
747 2418 987 2500 agitare
1032 2435 1154 2481 non
1200 2418 1396 2499 potui.
1472 2436 1694 2482 uerum
1740 2417 1986 2481 scilicet
2030 2435 2144 2498 par
2187 2416 2312 2481 fuit
2340 2417 2544 2498 quoad

279 2519 672 2585 aduersarius
703 2520 891 2585 reniti
919 2519 1129 2586 ualuit
1157 2538 1227 2585 eo
1262 2513 1455 2603 usque
1509 2520 1801 2603 proeliari
1858 2525 1968 2585 aut
1998 2521 2200 2601 quoad
2231 2521 2294 2583 in
2329 2519 2543 2604 fugam
2622 2588 2626 2592 ,

278 2623 464 2687 cessit
518 2624 769 2707 tergum
830 2624 1120 2721 praebere
1167 2627 1230 2689 et
1273 2642 1464 2689 manu
1511 2629 1764 2707 captum
1810 2624 2123 2707 plumbeis
2168 2624 2545 2707 pugionibus

279 2742 614 2793 exarmare.
690 2728 954 2791 ulterius
1013 2745 1192 2810 porro
1253 2728 1545 2809 progredi
1608 2736 1670 2791 et
1714 2729 1780 2792 in
1824 2745 2004 2793 auras
2061 2727 2194 2792 tela
2239 2727 2435 2792 iacere
2481 2730 2545 2791 et

202 2850 262 2891 πο
279 2828 416 2892 sine
476 2829 654 2894 hoste
712 2848 988 2913 pugnare
1049 2848 1230 2895 cassa
1290 2831 1609 2896 contentio
1668 2835 1763 2895 est
1808 2832 1871 2897 et
1912 2831 2147 2897 uirium
2198 2832 2544 2911 frustratiO,

278 2934 442 3015 quod
489 2933 580 2997 ita
623 2933 742 2998 erit
783 2934 1211 3018 ingloriosum,
1257 2940 1329 2999 ut
1371 2934 1841 3003 inlaboriosum.

382 3239 416 3291 2
470 3241 524 3293 et
577 3255 680 3293 om.
732 3239 1024 3295 ABDEF
1241 3240 1277 3294 5
1329 3227 1558 3294 amixtio
1612 3241 1687 3294 M
1907 3241 1941 3295 6
1993 3240 2285 3293 sinixtrum
2338 3238 2408 3293 M

279 3342 314 3395 9
359 3342 445 3412 en]
496 3345 552 3396 et
601 3342 833 3397 BDEF
1035 3343 1102 3397 10
1153 3343 1483 3398 conteximus
1543 3344 1590 3399 0
1788 3342 1922 3413 quid
1968 3342 2015 3398 0
2216 3341 2356 3411 quod
2403 3341 2541 3409 Sela„

277 3460 414 3513 quae
448 3445 580 3499 libri
612 3452 664 3500 et
699 3446 731 3499 b
935 3447 996 3500 11
1049 3445 1230 3515 quam]
1268 3462 1388 3499 cum
1425 3446 1506 3512 B,
1569 3462 1672 3501 om.
1706 3445 1887 3501 DEF
2089 3445 2543 3513 disputauerimus

277 3549 340 3613 ρ’
550 3548 614 3600 13
665 3551 888 3602 tantum
939 3564 1040 3602 om.
1095 3548 1388 3604 ABDEF
1587 3548 1814 3603 nallctus
1867 3549 1955 3614 H,
2024 3550 2218 3602 nactus
2269 3546 2551 3604 DEFLS

276 3665 516 3721 editores
721 3668 790 3721 14
835 3640 1207 3723 honerauisset
1251 3668 1300 3723 S
1464 3669 1566 3739 ,16
1614 3685 1717 3739 quo
1762 3668 1948 3734 ΑΘΒ,
2006 3668 2148 3737 quod
2183 3667 2251 3721 ad
2287 3668 2401 3723 Mb

277 3770 345 3823 17
400 3770 732 3824 aduersarios
785 3770 1258 3845 ABQGH¹MRb
1467 3787 1570 3840 quo
1629 3772 1683 3828 G·
1708 3772 1857 3839 Sch„
1912 3788 2013 3827 om.
2067 3770 2123 3827 R
2327 3771 2384 3825 iu
2438 3787 2540 3826 om.

283 3889 391 3944 OG
598 3890 664 3945 19
716 3905 848 3944 aura
900 3891 956 3945 L
1159 3856 1394 3976 aurasteu
1433 3893 1502 3959 S,
1560 3893 1685 3946 auia
1740 3891 1903 3946 stella
1953 3891 2011 3947 R
2216 3890 2287 3943 20
2339 3889 2541 3943 conitio

281 4010 335 4065 G
540 4011 606 4063 21
643 4008 918 4079 inglosum
955 4011 1030 4064 M
1037 4009 1094 4077 b,
1151 4011 1449 4080 inglorium
1486 4012 1607 4066 rell.
1646 4018 1699 4066 et
1734 4011 1859 4067 Sch.
2058 4013 2121 4064 ut
2155 4009 2543 4064 inlaboriosum

280 4112 350 4180 G,
411 4116 466 4169 et
501 4112 895 4167 inlaboriosum
939 4113 1007 4181 Ο,
1067 4116 1132 4167 ut
1166 4113 1492 4168 laboriosum
1527 4114 1648 4169 rell.
1684 4118 1737 4168 et
1772 4112 1894 4168 Sch.
