3175 5050
820 1150 1509 1263 EPISTVLA
1601 1150 2121 1265 FAVSTI.

433 1459 701 1559 Quaeris
775 1512 811 1558 a
882 1511 983 1556 me
1005 1541 1022 1571 ‚
1105 1491 1627 1557 reuerendissime
1702 1493 2131 1574 sacerdotum,
2186 1512 2339 1578 -quo
2415 1497 2599 1560 modo

342 1597 596 1662 Arianis
654 1597 1148 1679 respondendum
1205 1597 1306 1670 sit,
1363 1598 1470 1678 qui
1514 1595 1877 1678 blasphemo
1922 1615 2027 1662 ore
2074 1601 2379 1664 conantur
2424 1599 2604 1664 adse-

343 1718 504 1765 rere:
560 1718 683 1766 non
728 1703 954 1783 potest,
989 1699 1316 1781 inquiunt,
1363 1699 1517 1780 fieri,
1564 1699 1688 1763 nisi
1732 1702 1805 1764 ut
1848 1699 2052 1765 iunior
2096 1700 2182 1766 sit
2224 1703 2473 1786 genitus
2520 1703 2600 1767 ab

297 1805 645 1889 singenito.
727 1803 908 1868 iuxta
959 1821 1115 1886 quae
1159 1803 1366 1868 totum
1414 1802 1739 1868 silentium
1786 1803 1961 1885 quasi
2017 1805 2221 1869 iussus
2278 1805 2601 1872 absoluere

344 1925 470 1972 non
512 1910 644 1972 tam
688 1925 800 1988 pro
844 1905 938 1970 rei
979 1905 1397 1970 instructione
1441 1923 1629 1987 quam
1674 1924 1788 1988 pro
1830 1905 1973 1971 fidei
2005 1907 2387 1974 confessione
2417 1927 2601 1991 prae-

341 2027 590 2076 sumam
642 2008 708 2073 id
751 2008 1047 2092 primitus
1105 2007 1466 2088 obser-uene,
1516 2028 1595 2074 ne
1640 2028 1741 2074 res
1787 2029 1898 2091 per
1941 2029 2005 2076 se
2053 2013 2341 2076 obscuras
2386 2012 2599 2076 studio

341 2113 648 2195 conpositi
706 2111 1008 2178 sermonis
1065 2112 1406 2196 inuoluam,
1477 2113 1586 2177 sed
1656 2114 1961 2195 quaedam
2027 2115 2315 2197 pauperis
2380 2133 2601 2180 sensus

340 2217 591 2300 indicia,
667 2235 823 2299 quae
888 2234 1012 2281 non
1081 2219 1216 2280 tam
1283 2215 1532 2282 ornatui
1591 2234 1809 2298 quam.
1844 2216 2199 2282 intellectui
2264 2216 2600 2282 uideantur

270 2346 324 2385 ιο
341 2319 596 2400 seruire,
656 2321 1034 2402 depromam.
1109 2321 1444 2401 respondeo
1503 2338 1649 2402 ergo
1694 2322 1874 2385 sicut·
1900 2322 2267 2403 respondere
2311 2320 2601 2402 discipuli

340 2423 662 2506 magistris
701 2422 1232 2505 interrogantibus
1278 2425 1500 2496 solent.
1567 2423 1779 2504 itaque
1829 2427 1921 2488 ad.
1950 2427 2348 2506 praeceptum
2392 2423 2600 2488 beati-

340 2528 576 2591 tudinis
629 2530 874 2591 uestrae
931 2528 1166 2609 loquor,
1228 2530 1302 2591 ut
1362 2526 1660 2591 discutias
1718 2526 2099 2608 inperitiam,
2160 2528 2469 2593 contestor
2526 2532 2601 2592 ut

339 2631 580 2694 doceas,
670 2648 816 2693 nam
881 2630 1045 2711 apud
1112 2629 1607 2694 eruditissimum
1638 2688 1641 2691 .
1672 2629 1730 2693 si
1794 2629 2107 2709 reticeam,
2175 2629 2279 2693 uix
2344 2648 2600 2713 possum

339 2731 500 2796 scire
545 2732 696 2814 quid
743 2734 1034 2797 nesciam.

269 2900 322 2941 15
425 2852 518 2917 De
571 2852 846 2936 ingenito
907 2852 1176 2917 loeuturi
1239 2851 1396 2917 seire
1455 2852 1751 2917 debemus
1804 2854 1973 2918 aliud
2020 2870 2151 2918 esse
2194 2872 2403 2919 rerum
2446 2857 2599 2921 sub-

341 2955 628 3036 stantiae,
672 2955 866 3020 aliud
910 2974 1116 3020 rerum
1163 2956 1436 3037 nomina,
1491 2956 1654 3021 sieut
1698 2956 1878 3021 uerbi
1922 2958 2125 3041 gratia
2170 2977 2311 3023 oum
2372 2976 2596 3023 aurum
2663 3002 2669 3008 -

443 3250 674 3319 Integra
717 3249 850 3303 haec
892 3248 1132 3317 epistula
1163 3248 1230 3301 in
1261 3264 1376 3303 uno
1409 3248 1593 3303 codice
1626 3249 1977 3319 Sanyallensi
2012 3249 2107 3315 (Z)
2140 3265 2201 3309 n·
2234 3252 2344 3303 190
2376 3252 2595 3306 membr.

335 3341 398 3391 8⁰
432 3351 570 3401 saec.
611 3334 802 3389 VIHI
830 3340 985 3405 (pay.
1015 3336 1304 3403 92—110),
1337 3337 1436 3405 qui
1470 3336 1713 3391 eontinet
1745 3336 1893 3391 inter
1925 3334 2042 3389 alia
2076 3336 2441 3391 collectionem
2474 3337 2593 3405 epi-

333 3422 606 3476 stularum
642 3439 677 3475 a
710 3420 926 3476 Fausto
962 3420 1186 3475 Reiensi
1218 3422 1566 3489 scriptarum,
1602 3427 1827 3477 seruata
1870 3426 1961 3475 est.
2036 3421 2246 3477 codices
2288 3420 2597 3477 Claudiani

337 3508 601 3563 Mamerti
645 3508 1000 3575 posteriorem
1053 3512 1274 3561 tantum
1325 3508 1598 3576 epistulae
1641 3512 1862 3577 'partem
1912 3507 2045 3563 inde
2092 3508 2130 3561 a
2174 3508 2357 3562 uerbis
2384 3524 2517 3577 pay.
2555 3512 2595 3563 8

333 3596 433 3649 lin.
469 3597 542 3649 15
554 3611 568 3643 ε
620 3591 880 3662 praecipis
937 3594 997 3647 ut
1047 3593 1390 3661 respondeam
1427 3594 1526 3660 (sie
1538 3595 1576 3659 Ι)
1628 3594 1929 3648 continent.
2002 3607 2071 3647 ex
2123 3593 2305 3647 codice
2358 3592 2592 3664 Sanqal-

335 3681 476 3736 lensi
527 3678 816 3747 epistulam
859 3680 1080 3747 primus
1132 3677 1304 3732 edidit
1348 3679 1633 3733 Henricas
1686 3678 1945 3733 Canisins
1958 3718 1972 3743 ‚
2022 3678 2305 3747 Antiquae
2350 3679 2594 3733 lectionis

335 3772 462 3819 tom.
505 3765 560 3818 V
587 3768 696 3819 444
711 3780 839 3833 sqq„
886 3770 970 3819 αι’
991 3766 1108 3833 ipse
1153 3768 1389 3819 testatwr
1423 3765 1514 3828 (ib.
1543 3780 1605 3832 p.
1640 3766 1789 3831 425).
1850 3780 1918 3819 ex
1958 3765 2179 3819 Canisio
2215 3770 2395 3819 antem
2428 3766 2595 3819 ceteri

335 3851 592 3917 editore8‚
640 3851 794 3905 uelat
835 3850 900 3903 in
943 3850 1260 3906 bibliot-heca
1295 3856 1528 3919 patrum
1570 3851 1815 3904 maxima
1861 3850 2223 3920 Luydanensi
2264 3856 2395 3904 tome
2436 3849 2594 3905 V111

335 3940 578 4007 54ssqq.
593 3978 606 4004 ‚
661 3953 778 3991 eam
821 3936 1270 4005 desumpserim&
1321 3938 1575 3991 lectiones
1619 3936 1837 3991 illorum
1881 3938 2174 3990 uariantes
2218 3935 2537 4004 compendio
2572 3937 2595 3991 1

333 4024 717 4093 comprehendi
958 4024 985 4077 1
1037 4038 1256 4078 mererer
1301 4038 1576 4079 emerem
1622 4034 1825 4077 emon
1868 4036 2073 4078 nvstn
2117 4021 2172 4075 Z
2198 4022 2455 4082 canisius

333 4109 368 4162 2
421 4109 602 4177 queris
657 4109 710 4161 Z
919 4110 1350 4163 reuerentissime
1402 4110 1457 4163 Z
1483 4109 1743 4165 canisius
1966 4108 2001 4161 3
2054 4106 2287 4161 arrianis
2338 4108 2393 4161 Z
2422 4108 2597 4162 Cani·

330 4196 450 4249 sias
656 4194 692 4249 4
744 4194 935 4264 inquid
986 4195 1043 4248 Z
1241 4196 1276 4250 6
1321 4210 1713 4265 praesummam
1762 4194 1815 4247 Z
2016 4194 2051 4247 8
2099 4208 2361 4247 sermones
2404 4194 2459 4246 Z

333 4294 426 4333 seu
471 4279 526 4332 Z
727 4279 760 4333 9
806 4278 1006 4334 inditia
1053 4280 1109 4334 Z
1309 4282 1372 4335 11
1420 4283 1731 4350 preceptum
1768 4279 1823 4333 Z
2025 4279 2091 4333 13
2126 4278 2371 4332 reticiam
2404 4279 2460 4331 Z

337 4366 404 4421 15
438 4365 713 4434 loquuturi
747 4366 802 4419 Z
824 4365 1078 4423 Oanisius

2310 4470 2387 4521 1*
