3175 5050
631 385 760 452 144
1399 381 1767 437 Claudiani
1800 381 2116 436 Mamerti

633 591 814 640 omne
870 573 1301 656 incorporeum
1357 573 1638 638 creatum
1698 574 1940 656 potiore
1984 573 2128 638 nisu
2188 590 2301 654 pro
2356 571 2751 638 substantiae
2796 591 2911 636 ex-

632 675 1012 744 cellentioris
1059 677 1374 760 dignitate
1420 676 1813 743 tranauerint
1855 679 2043 759 atque
2088 677 2191 742 hic
2235 676 2508 742 redactis
2563 674 2913 758 paululum

629 780 1050 863 respiraculo,
1085 798 1312 863 pausae
1385 780 1629 846 uiribus
1695 781 1760 846 in
1828 799 2118 863 suprema
2184 779 2531 863 incorporei
2604 778 2911 844 creatoris

633 885 948 968 agnitione
993 883 1410 950 constiterint.
1472 884 1760 966 quocirca
1788 903 1953 950 nunc
1984 885 2265 950 locorum
2293 883 2653 967 percontari
2682 882 2909 947 sedulo

630 987 981 1070 corporales
1046 985 1202 1052 istos
1267 986 1484 1066 uelim,
1551 1006 1709 1069 quae
1778 987 1906 1053 fere
1961 986 2095 1053 illis
2153 1005 2343 1070 super
2391 987 2511 1052 hac
2556 985 2913 1069 apostolica
2954 1007 2977 1047 ⁵

631 1091 941 1156 sententia
984 1089 1090 1154 sit.
1163 1107 1311 1155 nam
1357 1108 1502 1155 cum
1548 1109 1616 1156 se
1662 1090 1834 1156 dicat
1888 1091 2207 1174 apostolus
2250 1093 2506 1174 raptum
2538 1109 2672 1154 esse
2704 1107 2913 1172 usque

629 1194 710 1262 ad
754 1193 1018 1259 tertium
1063 1194 1321 1277 caelum,
1380 1193 1659 1275 primum
1701 1212 1932 1275 quaero
1990 1193 2277 1260 localiter
2318 1192 2762 1259 inlocaliterne
2822 1192 2917 1256 sit

631 1299 868 1380 raptus,
913 1299 976 1362 et
1023 1296 1131 1380 qui
1175 1297 1302 1362 tres
1345 1297 1454 1360 isti
1501 1297 1659 1362 caeli
1705 1297 1853 1376 sint,
1900 1315 2057 1362 anne
2101 1296 2314 1381 plures
2360 1297 2604 1376 horum,
2654 1313 2743 1360 an
2772 1314 2915 1360 om-

627 1419 737 1466 nes
783 1402 1076 1484 corporei,
1133 1418 1292 1466 anne
1334 1399 1680 1482 incorporei
1726 1400 2027 1483 quipiam,
2074 1404 2148 1466 ut
2194 1401 2485 1484 quoniam
2546 1416 2661 1466 nos
2710 1399 2800 1463 ad
2846 1398 2917 1462 id

627 1522 824 1587 usque
867 1503 989 1570 loci
1050 1503 1496 1586 disputationis
1555 1505 1703 1570 ordo
1751 1504 2018 1590 deuexit,
2078 1506 2229 1587 quid
2273 1505 2465 1570 istinc
2508 1503 2919 1588 sequendum
2936 1530 2979 1568 ιο

627 1607 716 1672 sit
759 1607 936 1672 nobis
982 1607 1271 1673 consulta
1313 1608 1582 1674 ueritate
1636 1607 1981 1675 uideamus.

713 1725 811 1794 Ac
855 1725 1129 1812 primum
1173 1745 1296 1794 non
1342 1748 1538 1811 usque
1581 1730 1835 1796 facilem
1879 1734 1955 1796 de
1987 1733 2299 1797 caelorum
2333 1748 2595 1796 numero
2628 1727 2919 1811 quaesti-

630 1850 810 1897 onem
840 1833 1024 1913 paulo
1058 1831 1481 1915 scrupulosius
1511 1832 1914 1899 uentilemus.
1960 1853 2187 1916 nempe
2218 1833 2523 1918 legimus:
2556 1833 2698 1908 lau
2716 1833 2815 1898 da
2834 1835 2919 1895 te

627 1936 1067 2012 dominum,
1117 1936 1320 2001 caeli
1365 1937 1802 2014 caelorum,
1872 1941 1976 2004 sed
2022 1939 2187 2003 istuc
2229 1941 2291 2002 et
2338 1938 2415 2001 de
2459 1936 2684 2002 multis
2738 1937 2805 2000 et
2842 1936 2923 2000 de

627 2039 791 2106 binis
853 2039 1005 2104 licet
1059 2039 1369 2124 intellegi,
1416 2044 1490 2106 ut
1547 2044 1609 2106 et
1654 2042 1863 2125 plures
1920 2042 2077 2108 caeli
2137 2040 2414 2126 plurium
2473 2040 2803 2106 caelorum
2852 2040 2985 2106 etis

626 2144 747 2207 duo
795 2142 949 2208 caeli
993 2141 1255 2208 duorum
1301 2144 1615 2210 caelorum
1659 2145 1859 2211 tacito
1905 2143 2152 2211 numeri
2185 2145 2451 2211 articulo
2486 2144 2693 2226 accipi
2726 2160 2922 2227 posse

591 2245 970 2314 „uideantur
1051 2265 1189 2312 ecce
1233 2265 1271 2310 a
1329 2251 1529 2314 terrae
1589 2249 1899 2332 contiguis
1956 2268 2095 2315 aere
2155 2251 2341 2314 tenus
2402 2265 2716 2331 aquarum
2780 2247 2921 2311 ele-

621 2350 903 2416 mentum
949 2353 1062 2430 est,
1125 2350 1264 2416 exin
1322 2351 1699 2433 profundum
1760 2353 1923 2418 aeris
1982 2371 2179 2435 usque
2237 2352 2317 2418 ad
2375 2351 2617 2417 lunaris
2680 2349 2920 2416 sideris

622 2453 909 2520 citimum
965 2455 1200 2538 lumen,
1269 2455 1494 2523 abhinc
1554 2456 1802 2540 ignium
1864 2456 2285 2523 aetheriorum
2330 2455 2540 2538 spatia
2586 2471 2796 2536 usque
2845 2453 2919 2517 in

625 2556 860 2623 extima
903 2558 1413 2639 transmundana,
1447 2579 1570 2643 qua
1599 2561 1979 2644 sphaeroidis
2010 2561 2194 2645 globo
2226 2559 2498 2625 mundus
2528 2558 2920 2624 includitur.
2936 2587 2980 2629 ω
3097 2646 3098 2653 ἶ

3097 2692 3098 2738 1

827 2764 895 2817 13
930 2762 1129 2818 Psalm.
1170 2762 1286 2829 148,
1322 2764 1359 2817 4

730 2953 757 3008 1
795 2954 994 3022 pociori
1029 2954 1142 3010 Mb
1333 2956 1368 3009 2
1401 2956 1706 3011 tranauerit
1742 2956 1877 3022 Mb,
1930 2929 2249 3040 traci-zauori't
2283 2956 2330 3010 S
2512 2953 2645 3009 hinc
2684 2954 2770 3020 D,
2828 2956 2921 3009 inc

621 3074 714 3140 M,
772 3075 830 3128 in
866 3076 898 3130 b
1103 3076 1337 3131 reductis
1373 3076 1649 3131 Bar-thius
1853 3078 1889 3131 3
1924 3079 2151 3146 pausent
2178 3078 2250 3147 1⁰²
2314 3072 2327 3095 ¹
2452 3048 2669 3145 {prema
2709 3076 2772 3133 R
3092 3104 3094 3143 ς

622 3162 934 3230 incorporea
979 3162 1293 3217 ABDE¹F
1311 3162 1436 3219 Βοὴ.
1453 3202 1466 3227 ,
1527 3164 1727 3218 incorei
1762 3165 1819 3219 R
2022 3166 2057 3219 4
2104 3164 2409 3220 constiterit
2455 3163 2571 3217 Mb
2788 3179 2917 3233 per·
3092 3150 3094 3226 1

620 3248 860 3302 cunctari
894 3248 1124 3304 DEFG'·
1319 3249 1354 3302 5
1389 3249 1620 3304 uelimus
1657 3249 1714 3305 R
1904 3250 2013 3304 fere
2048 3250 2177 3305 libri
2210 3267 2334 3305 cum
2368 3250 2481 3305 PT
2504 3265 2713 3317 omnes,
2776 3264 2918 3304 uera
3090 3274 3092 3285 ·

621 3336 852 3391 editores
1049 3335 1162 3389 illic
1189 3352 1234 3404 p
1429 3336 1464 3391 6
1502 3352 1556 3390 se
1594 3352 1697 3391 om.
1732 3336 1861 3391 libri
1887 3343 2120 3404 praeter
2153 3337 2229 3391 M
2260 3343 2313 3391 et
2350 3336 2471 3391 Βοὴ.
2668 3335 2820 3390 dicit
2855 3338 2915 3392 D

617 3422 709 3488 H,
770 3421 856 3476 dio
893 3422 994 3476 LS
1171 3438 1282 3476 esse
1319 3424 1392 3479 M
1403 3423 1459 3487 b,
1521 3438 1578 3477 se
1613 3424 1687 3487 1),
1726 3438 1838 3477 sese
1872 3424 1991 3479 rell.
2016 3430 2067 3477 et
2091 3423 2211 3478 Βοὴ.
2412 3422 2444 3475 ’ἶ
2481 3438 2548 3476 an
2587 3421 2916 3478 inlocaliter

618 3508 690 3560 M
701 3507 760 3571 b,
820 3506 1051 3571 fortasse
1087 3523 1158 3560 an
1193 3508 1560 3563 inlocaliterne
1594 3509 1940 3563 scribendmn
1977 3514 2056 3564 est
2226 3510 2324 3577 sit]
2362 3508 2467 3563 erit
2501 3510 2574 3563 M
2763 3510 2805 3563 8
2844 3528 2915 3564 an

617 3592 689 3649 Μ
700 3594 730 3647 b
939 3592 972 3645 9
1019 3592 1262 3661 quipiam
1298 3593 1593 3660 Bai-thina,
1654 3594 1930 3664 quippiam
1966 3595 2096 3648 libri
2129 3600 2179 3649 et
2214 3595 2449 3649 editores
2658 3596 2819 3665 quod
2858 3597 2914 3651 B

616 3679 687 3745 F,
751 3694 884 3747 quos
929 3676 988 3730 D
1193 3679 1261 3732 10
1305 3695 1473 3748 usque
1515 3696 1619 3735 om.
1667 3680 1714 3735 S
1917 3681 1981 3734 12
2029 3680 2185 3735 facile
2240 3680 2529 3746 Galland„
2592 3680 2805 3736 faciam
2845 3684 2921 3737 M

618 3769 780 3833 (corr.
825 3766 890 3819 in
933 3766 1128 3833 mwry.)
1334 3767 1709 3834 quaestionum
1754 3768 1812 3823 R
2019 3768 2083 3821 13
2138 3768 2397 3822 uentilem
2442 3766 2769 3822 ABDEOE

619 3852 686 3905 14
710 3851 846 3905 caeli
871 3866 971 3906 om.
1000 3850 1111 3904 Mb
1294 3851 1422 3904 istic
1453 3852 1500 3906 Ο
1679 3853 1746 3908 15
1769 3853 2061 3921 plurimum
2087 3852 2295 3921 BMS²‚
2331 3854 2698 3922 plurimorum
2718 3871 2766 3924 p

620 3939 686 3993 16
731 3936 1016 4006 caelorum]
1065 3937 1175 3990 loco
1221 3936 1351 3991 add.
1399 3938 1672 3993 Bar-thius
1882 3940 1945 3993 17
1992 3942 2136 3993 terra
2180 3940 2433 4008 contiguo
2478 3940 2593 3995 Mb
2820 3960 2911 3997 aer

617 4026 837 4079 eatenus
873 4024 958 4089 A,
1018 4024 1295 4077 aeretenus
1341 4022 1392 4078 G·
1594 4026 1662 4079 18
1698 4027 1780 4078 est
1814 4040 1911 4078 om.
1954 4024 2001 4079 δ’
2200 4025 2335 4080 exim
2382 4026 2438 4080 R
2644 4028 2909 4085 lunarem

615 4141 754 4207 Mb,
815 4114 1020 4197 lunatis
1071 4144 1131 4198 F
1329 4144 1516 4199 sideris
1566 4147 1810 4200 citimum
1856 4146 2050 4201 ΒΕΓ
2088 4147 2234 4213 Solu„
2294 4148 2567 4203 sideriscit
2614 4150 2803 4206 imum
2855 4154 2911 4221 S,

615 4227 891 4283 siderescit
926 4228 1096 4281 imum
1131 4230 1251 4285 rell.
1287 4236 1340 4285 et
1374 4231 1406 4284 b
1612 4232 1683 4285 20
1728 4232 2026 4301 spheroidis
2067 4234 2136 4301 G,
2192 4234 2447 4305 sphoydis
2484 4234 2583 4300 M,
2646 4236 2911 4295 sferoidis

613 4313 742 4379 BC,
801 4313 1060 4381 speroidis
1096 4317 1230 4381 rell„
1289 4318 1651 4386 σφαιροειδής
1686 4318 1935 4387 editore&
1970 4320 2042 4387 cf.
2070 4336 2199 4390 pay.
2236 4324 2325 4388 67,
2360 4326 2424 4375 11
