3175 5050
1005 444 1098 497 De
1129 446 1318 498 statu
1353 444 1615 499 animae
1658 444 1688 499 Ι
1725 445 1809 501 25.
2452 449 2539 517 93

273 604 504 697 tamen:
535 648 608 697 ac
643 631 796 697 -finis
859 630 1038 697 illius
1095 650 1217 698 non
1260 631 1394 698 sit?
1453 632 1508 697 si
1527 662 1546 673 -
1571 632 1738 698 enim
1792 630 2129 702 dixerimus
2173 654 2372 702 unum
2416 654 2537 701 nu-

275 734 432 799 meri
477 752 622 815 esse·
649 734 1050 817 principium,
1095 735 1294 817 ipsius
1339 736 1526 803 unius
1579 735 1741 819 quod
1802 736 2081 802 dicemus
2128 756 2255 804 esse
2299 739 2533 822 princi-

273 838 503 919 pium?
547 854 685 903 ecoe
729 835 922 902 habes
967 836 1348 919 principium
1390 839 1639 905 numeri
1680 839 1749 903 in
1792 838 2134 924 principio,⁸
2164 843 2235 905 ut
2280 861 2353 906 ex
2395 841 2535 924 ipso

272 939 360 1004 sit
402 957 719 1005 numerus.
795 940 921 1006 iam
969 958 1116 1007 uero
1162 941 1217 1005 si
1267 960 1596 1007 numerare
1650 941 1937 1022 uelimus,
1986 944 2291 1011 adicimus
2337 964 2531 1010 unum

227 1044 384 1109 suni
449 1041 525 1108 ut
576 1042 733 1108 fiant
797 1044 938 1127 duo,
997 1046 1062 1110 et
1124 1062 1323 1109 unum
1390 1044 1633 1111 duobus
1692 1048 1763 1109 ut
1824 1046 1979 1111 fiant
2036 1046 2180 1124 tria,
2228 1048 2293 1112 et
2335 1066 2536 1113 unum

273 1146 476 1213 tribus
522 1147 596 1211 ut
637 1146 795 1212 fiant
837 1149 1153 1228 quattuor,
1202 1151 1264 1213 et
1309 1146 1599 1229 deinceps
1646 1149 1933 1231 quotiens
1980 1168 2177 1218 unum
2221 1150 2535 1235 multipli-

274 1250 640 1327 cauerimus,
699 1249 928 1317 totiens
973 1251 1152 1332 quasi
1197 1250 1389 1315 multi
1432 1250 1667 1333 singuli
1711 1250 1778 1317 in
1822 1269 2069 1319 summa
2096 1254 2427 1337 ducuntur,
2463 1256 2537 1319 ut

275 1354 477 1419 decies
537 1352 712 1419 ducti
772 1355 984 1420 decem
1051 1357 1115 1418 et
1175 1353 1370 1419 uicies
1430 1353 1662 1438 uiginti
1724 1354 1788 1418 et
1854 1355 2083 1421 centies
2150 1359 2404 1421 centum
2471 1360 2535 1420 et

275 1456 519 1522 millies·
561 1456 739 1522 mille
799 1455 1219 1535 nominentur,
1281 1460 1350 1523 ut
1408 1474 1705 1540 agnoscas
1760 1476 2006 1523 omnem
2071 1476 2402 1525 numerum
2446 1461 2536 1525 ita

201 1584 257 1624 ιο
273 1579 382 1644 per
440 1578 632 1624 unum
690 1578 847 1639 esse,
906 1562 1072 1627 sicut
1117 1580 1190 1625 ex
1234 1579 1362 1627 uno
1411 1562 1761 1645 procedere.
1834 1561 2000 1627 illud
2044 1580 2192 1628 uero
2235 1564 2412 1644 patet
2456 1563 2534 1627 ad

272 1663 464 1729 finem
519 1665 784 1743 numeri,
842 1666 950 1744 qui
1005 1663 1219 1729 nullus
1267 1663 1360 1729 est
1403 1682 1678 1746 prorsuS,
1726 1664 1931 1731 ueniri
1975 1681 2101 1731 non
2144 1683 2337 1747 posse,
2385 1666 2536 1748 quia

273 1768 446 1833 trans
507 1784 756 1832 omnem
799 1784 1156 1851 numerum,
1216 1766 1326 1848 qui
1369 1786 1440 1831 ex
1496 1785 1619 1832 uno
1676 1767 1740 1832 et
1794 1788 1906 1851 per
1960 1787 2157 1834 unum
2203 1772 2265 1833 et
2308 1770 2374 1832 in
2408 1786 2534 1832 uno

276 1871 392 1947 est,
439 1888 682 1953 semper
728 1871 822 1936 est
865 1888 1048 1935 unus.
1121 1869 1246 1935 tria
1301 1872 1516 1936 tamen
1570 1871 1695 1935 ista
1747 1873 1911 1953 sunt,
1959 1888 2101 1936 cum
2146 1870 2409 1936 dicimus
2456 1889 2533 1943 ex

275 1991 394 2039 uno
439 1976 502 2039 et
546 1992 656 2055 per
699 1991 898 2039 unum
943 1974 1006 2039 et
1049 1972 1119 2038 in
1161 1992 1306 2052 uno,
1355 1974 1593 2057 pariter
1637 1974 1907 2058 aeterna,
1976 1973 2233 2057 perinde
2297 1974 2531 2039 inloca-

199 2097 258 2141 15
275 2076 363 2143 lia
406 2078 635 2160 ubique
680 2077 836 2153 tota,
882 2076 1084 2141 eidem
1128 2074 1374 2142 infinito
1430 2096 1675 2160 semper
1732 2078 2035 2162 aequalia,
2096 2078 2245 2159 quia
2285 2077 2533 2144 nullum

275 2199 422 2245 uere
479 2199 674 2246 unum
731 2181 934 2247 maius
979 2199 1256 2245 unumne
1300 2181 1510 2245 minus
1557 2182 1669 2246 est.
1748 2180 1899 2245 haec
1943 2182 2091 2245 sunt
2133 2199 2532 2246 numerorum

277 2284 634 2350 inchoantia
701 2283 990 2350 ducentia
1054 2284 1475 2368 perficientia:
1545 2284 1685 2366 ipsa
1740 2304 1855 2349 nec
1907 2284 2202 2349 inchoata
2258 2302 2373 2349 nec
2415 2303 2532 2347 nu-

275 2390 518 2453 merata
586 2406 698 2453 nec
755 2386 953 2466 finita,
1029 2390 1226 2467 credo,
1297 2387 1446 2469 quia
1509 2387 1961 2470 sapientiae
2030 2387 2156 2453 dei
2224 2404 2373 2450 non
2418 2389 2533 2451 est

277 2509 668 2557 numerus.
756 2510 902 2557 nam
983 2508 1127 2557 cum
1187 2509 1260 2556 ex
1315 2509 1438 2556 nno
1495 2491 1558 2555 et
1611 2510 1721 2575 per
1776 2509 1973 2556 unum
2035 2493 2097 2555 et
2151 2491 2220 2554 in
2278 2506 2401 2555 uno
2446 2489 2532 2554 sit

205 2623 263 2664 20
279 2614 592 2679 numerus,
654 2613 767 2659 nec
809 2595 1126 2661 numerari
1178 2595 1302 2660 nisi
1345 2593 1663 2659 trifariam
1718 2597 1935 2676 possit,
1995 2595 2065 2659 ut
2108 2613 2217 2676 per
2264 2593 2533 2659 eundem

276 2718 609 2765 numerum
667 2697 985 2764 ordiamur
1041 2715 1444 2764 numeremus
1510 2697 1820 2778 finiamus,
1885 2698 2017 2781 ipse
2076 2698 2172 2762 est
2215 2696 2530 2762 ternarius

277 2805 472 2882 totuS,
537 2821 648 2884 per
713 2820 898 2884 quem
966 2801 1166 2867 omnis
1227 2803 1326 2867 est
1381 2821 1697 2867 numerus,
1757 2819 1896 2866 ecce
1956 2801 2119 2885 quod
2170 2799 2425 2867 habitat
2467 2800 2533 2864 in

482 2971 549 3026 18
583 2971 783 3026 Psalm.
821 2972 938 3037 146,
975 2973 1007 3026 5

377 3128 414 3182 2
448 3127 676 3184 dicimus
711 3129 838 3184 libri
863 3135 1092 3197 praeter
1131 3129 1424 3186 OE’GMb
1458 3135 1509 3184 et
1545 3129 1669 3184 Sch.
1876 3130 1910 3183 3
1945 3128 2154 3182 numeri
2190 3128 2251 3180 in
2290 3125 2534 3182 GL²Mb

279 3229 402 3286 sch.
417 3273 432 3298 ,
491 3231 700 3286 numeri
745 3231 1083 3328 sineuDEF
1081 3235 1152 3301 1⁹²
1185 3233 1484 3298 Bai-thius,
1554 3232 1795 3286 numeris
1842 3218 1898 3286 e}
1943 3231 2002 3284 in
2050 3231 2133 3298 R,
2192 3230 2427 3284 numeris
2474 3230 2533 3282 in

277 3334 396 3390 rell.
601 3334 639 3388 4
684 3349 933 3389 numeros
980 3334 1026 3390 S
1226 3349 1377 3388 ueros
1411 3335 1752 3388 innumerare
1797 3334 1855 3389 R
2004 3385 2009 3392 ,
2059 3333 2317 3388 adicimus
2355 3332 2409 3396 b,
2471 3347 2535 3386 ac

279 3420 510 3473 dicimus
555 3421 656 3486 Μ,
717 3420 885 3476 adicis
930 3421 1046 3476 rell.
1093 3426 1146 3474 et
1195 3421 1317 3474 Βοὴ.
1523 3420 1558 3472 6
1604 3420 1739 3473 fiant
1783 3425 1914 3474 ante
1961 3421 2220 3487 quattuor
2262 3434 2363 3472 om.
2402 3417 2535 3472 libri

274 3511 497 3574 praeter
550 3507 625 3560 Μ
826 3507 1072 3575 quotiens
1127 3521 1226 3560 om.
1280 3505 1515 3559 ABDF
1716 3506 1748 3559 7
1793 3506 1968 3574 quasi]
2019 3505 2147 3573 quia
2182 3506 2228 3558 si
2274 3504 2345 3571 F,
2405 3503 2534 3572 quia

277 3595 367 3648 uel
403 3594 480 3648 sic
514 3593 574 3648 D
779 3595 939 3650 multi
974 3594 1173 3662 scripsi
1209 3609 1330 3647 cum
1365 3593 1505 3656 ΕΒ,
1541 3593 1639 3661 qui
1674 3592 1871 3646 multill
1905 3592 2129 3660 habent,
2190 3592 2380 3645 multis
2414 3589 2533 3643 rell.

280 3685 333 3734 et
369 3679 603 3734 editores
797 3680 1039 3750 singulill
1075 3679 1145 3746 F,
1207 3679 1436 3748 singulis
1473 3679 1547 3733 Μ
1554 3679 1585 3732 b
1782 3679 2034 3734 dicuntur
2067 3677 2123 3732 R
2324 3677 2359 3730 8
2394 3676 2534 3729 uices

278 3765 372 3831 M,
433 3766 604 3820 utties
651 3766 706 3822 R
909 3767 1172 3836 uigintim
1217 3766 1295 3834 Μ
1495 3764 1563 3819 10
1597 3749 1886 3834 producere
1924 3767 1994 3833 10²
2203 3765 2260 3818 11
2300 3761 2535 3816 inueniri

279 3853 338 3919 b,
395 3852 520 3905 inde
572 3853 746 3905 ueniri
799 3852 1070 3907 Bao-thius
1275 3853 1342 3906 13
1395 3854 1481 3906 est
1534 3853 1887 3919 semper-et
1931 3852 1990 3906 in
2036 3867 2141 3904 uno
2190 3865 2291 3904 om.
2341 3849 2398 3903 R

281 3939 348 3992 14
397 3936 619 4007 proinde
670 3940 734 4005 ρ’*
758 3937 881 3991 Soh.
1087 3938 1153 3991 15
1206 3939 1380 3993 eidem
1422 3954 1494 4007 p,
1556 3938 1738 3992 eodem
1775 3938 1902 3992 libri
1938 3943 1989 3992 et
2024 3937 2083 4003 b,
2144 3935 2325 3990 eadem
2377 3933 2532 3988 Har-

277 4025 439 4080 telius
472 4081 476 4086 ,
643 4025 710 4078 16
753 4025 1002 4092 unumne]
1049 4040 1154 4076 uno
1201 4027 1223 4077 1
1276 4025 1328 4080 G
1536 4025 1600 4078 17
1649 4023 1979 4093 perficientia
2025 4024 2081 4088 b,
2138 4021 2401 4093 pfigentia
2446 4019 2530 4088 M,

277 4111 540 4181 pfigentia
572 4109 690 4166 rell.
727 4116 779 4165 et
816 4109 938 4165 Βοὴ.
1131 4109 1196 4164 18
1231 4110 1497 4178 sapientia
1533 4110 1643 4164 Mb
1832 4111 1900 4162 21
1936 4108 2239 4162 ordinamus
2283 4106 2531 4174 0L¹Mb‚

278 4198 517 4252 ordinem
575 4196 628 4251 G
829 4211 1174 4250 numeremus
1231 4197 1356 4252 GM
1366 4198 1397 4250 b
1415 4237 1427 4260 ,
1487 4212 1827 4250 numeremus
1880 4196 1937 4248 et
1995 4195 2062 4259 G,
2123 4209 2367 4248 numeros
2412 4191 2530 4256 AS,

279 4299 532 4338 numerus
578 4282 778 4350 HLR,
836 4297 1101 4336 numeros.
1151 4298 1397 4338 numeros
1445 4282 1689 4348 BDEF,
1747 4297 1993 4336 numeros
2040 4283 2094 4335 et
2141 4282 2249 4337 PT
2272 4280 2395 4336 Βοὴ.

278 4387 346 4438 22
381 4386 511 4455 quid
556 4387 670 4442 GM
691 4385 948 4453 editores,
1008 4349 1112 4454 ᾆᾱό
1149 4385 1202 4440 a
