3175 5050
999 424 1090 478 De
1125 424 1318 477 statu
1351 399 1615 477 animae
1648 422 1709 480 II
1747 423 1827 478 10.
2427 425 2544 489 141

281 612 496 688 haec,
543 610 770 694 inquit,
817 610 1483 694 cogitaueruntet
1514 612 2027 690 errauerunt,
2076 612 2549 677 excaecauit

281 716 484 780 enim
530 714 722 780 illos
766 717 1092 782 malitia
1135 733 1420 782 eorum.
1499 720 1563 781 et
1608 715 1932 796 tamquam
1971 714 2235 780 diceres:
2294 715 2443 798 quid
2475 716 2545 783 in

282 818 378 883 his
438 818 658 900 culpae
725 819 1018 902 uertitur,
1087 819 1238 902 quid
1305 818 1552 894 erroriS‚
1620 818 1735 882 ille
1800 818 2161 900 respondet:
2227 819 2548 884 hominem

279 921 554 986 animam
599 938 961 1002 corpoream
993 921 1426 1006 cogitauerunt
1455 920 1519 986 et
1565 924 1951 995 errauerunt,
1986 939 2056 986 ac
2089 920 2270 986 uelut
2297 924 2546 1006 rogaret

232 1045 259 1086 5
278 1024 624 1108 geminanti
669 1023 776 1108 [et]
825 1025 974 1107 quid
1017 1026 1086 1091 in
1130 1025 1245 1090 hoc
1288 1026 1521 1090 ueritas
1570 1025 1841 1102 claudat,
1888 1024 1962 1089 ut
2008 1025 2283 1089 animam
2328 1043 2546 1108 corpus

279 1147 410 1193 esse
467 1127 606 1210 quis
675 1127 923 1207 sentiat,
993 1128 1183 1192 iterat
1226 1128 1534 1212 propheta
1587 1143 1984 1209 responsum:
2033 1133 2547 1208 errauerunt‚

277 1229 668 1295 uidelicet
729 1234 1240 1309 errauerunt‚
1302 1214 1723 1313 quia'deus
1782 1229 2093 1294 creauit
2157 1231 2547 1298 hominem

275 1331 1080 1399 inexterminabilem
1155 1336 1227 1397 et
1303 1335 1390 1399 ad
1465 1332 1901 1412 imaginem
1992 1352 2177 1399 suae
2256 1333 2547 1400 simili-

275 1437 589 1502 tudinis
658 1437 860 1502 fecit
915 1436 1167 1516 illum,
1247 1437 1314 1501 id
1372 1439 1466 1501 est
1533 1437 1771 1501 diceret
1837 1437 1988 1501 adeo
2055 1436 2237 1502 tenus
2281 1456 2407 1503 non
2454 1438 2549 1502 est

206 1559 496 1624 1ocorpus
542 1540 770 1622 anima,
818 1545 891 1605 ut
936 1541 1022 1604 sit
1066 1541 1276 1625 imago
1323 1539 1558 1606 diuina.
1624 1544 1799 1605 estne
1844 1539 2104 1624 aliquid,
2150 1561 2270 1625 quo
2316 1540 2546 1608 abhinc

276 1643 551 1709 locorum
599 1643 850 1724 uspiam
891 1643 1306 1727 progrediaris
1352 1643 1597 1708 tuomet
1641 1643 1870 1709 indicio
1917 1644 2219 1725 proditus
2252 1645 2543 1711 ueritatis

275 1745 514 1812 uiribus
560 1748 798 1829 captus,
845 1747 1181 1829 prophetae
1236 1748 1673 1813 testificatione
1717 1748 2088 1814 conuictus?
2154 1749 2265 1814 sed
2312 1748 2543 1815 uiderit

278 1849 538 1931 quisque
587 1849 737 1931 quid
783 1847 1046 1914 sentiat:
1114 1852 1302 1933 prout
1345 1870 1484 1916 mea
1528 1854 1744 1916 tamen
1790 1852 1997 1934 opinio
2042 1852 2184 1928 fert,
2246 1853 2361 1918 hoc
2418 1855 2545 1918 sal-

274 1951 391 2014 tim
440 1952 706 2033 probum
751 1953 913 2035 quod
971 1956 1227 2018 eatenus
1285 1954 1766 2020 dissertauimus
1819 1957 2153 2020 aduersum
2196 1955 2545 2040 corporales

207 2071 386 2137 15p1'0
455 2054 847 2136 spiritalibus
915 2061 1014 2120 sat
1081 2056 1264 2134 foret,
1343 2059 1408 2123 ni
1482 2077 1597 2142 par
1656 2077 1787 2125 esse
1849 2060 2137 2124 ducerem
2206 2059 2549 2142 apostolica

276 2175 516 2240 quoque
566 2160 676 2223 aut
722 2159 913 2225 etiam
962 2161 1330 2244 euangelica
1395 2161 1462 2226 in
1506 2181 1639 2227 rem
1686 2164 2140 2228 controuersiae
2199 2163 2545 2244 praesentis

274 2260 577 2327 adhiberi.

481 2500 513 2553 1
551 2499 674 2569 Sap.
712 2499 763 2565 2,
801 2500 866 2555 21

379 2726 406 2778 1
447 2726 780 2795 errauerunt]
821 2728 876 2781 et
911 2725 1044 2781 add.
1080 2726 1138 2783 R
1321 2726 1578 2781 excitauit
1612 2726 1669 2781 B
1771 2782 1776 2787 ,
1857 2726 1891 2780 2
1927 2728 2127 2797 eorum]
2166 2742 2317 2781 erum
2352 2729 2409 2784 R

272 2821 306 2875 3
360 2819 407 2873 is
463 2820 546 2884 R,
619 2821 695 2874 eis
749 2822 824 2875 Μ
869 2822 1102 2877 editores
1315 2821 1599 2891 respondet
1652 2822 1878 2891 scripsi,
1949 2822 2227 2892 respondit
2278 2823 2409 2879 libri

270 2914 488 2969 homine
533 2914 602 2981 G,
660 2916 895 2969 hominis
949 2916 1026 2981 G,
1089 2930 1300 2970 omnem
1325 2916 1417 2991 ,M
1427 2917 1458 2970 b
1664 2916 1955 2986 hominem]
2006 2920 2063 2971 et
2112 2918 2243 2973 add.
2289 2919 2408 2973 BD

272 3006 308 3060 4
342 3022 556 3075 rogares
596 3024 666 3063 ex
702 3012 913 3079 rogaret
949 3010 1022 3075 Ε,
1084 3010 1290 3080 rogarit
1325 3010 1601 3066 Barthiws
1817 3012 1852 3065 5
1886 3012 2204 3085 geminatim
2240 3013 2315 3078 D,
2376 3014 2545 3083 gemi-

272 3104 494 3157 nantem
520 3105 608 3171 φ’,
667 3104 986 3172 geminando
1023 3120 1090 3159 ex
1126 3106 1399 3174 geminato
1436 3105 1484 3159 S
1664 3108 1719 3159 et
1755 3107 1917 3159 uncis
1950 3107 2152 3161 inclusi
2342 3108 2547 3162 claudit

273 3196 413 3251 coni.
450 3195 570 3251 Βοὴ.
587 3236 601 3263 ,
660 3196 930 3252 claudicat
967 3196 1036 3253 δ”
1239 3200 1273 3253 9
1328 3199 1386 3253 id
1441 3199 1542 3268 est]
1599 3198 1741 3253 idem
1788 3199 2022 3255 ABR&
2230 3201 2297 3254 10
2349 3200 2545 3270 aliquis

275 3272 390 3343 'Mb
630 3292 774 3358 quoa
801 3291 963 3346 *BF*
1211 3293 1276 3347 11
1331 3292 1486 3361 uspia
1540 3291 1596 3346 B
1834 3293 2034 3348 iudicio
2086 3294 2409 3351 ABDEFb

277 3384 342 3437 12
394 3385 695 3439 tificatione
748 3386 805 3441 R
1010 3387 1213 3441 uiderit
1256 3387 1399 3453 DE,
1459 3386 1638 3441 uideri
1684 3388 1763 3452 G,
1821 3388 2048 3442 uiderim
2096 3390 2387 3445 OGMPT
2405 3390 2542 3456 Sela„

273 3466 511 3533 uiderem
547 3478 691 3546 νεα,
745 3479 984 3534 uiderint
1018 3482 1052 3535 b
1225 3482 1290 3535 13
1326 3482 1374 3535 si
1409 3486 1540 3536 ante
1562 3481 1785 3551 quisque
1821 3481 1952 3539 add.
1989 3484 2101 3537 Mb
2273 3484 2404 3553 quid
2440 3502 2543 3542 om.

272 3571 458 3627 EFM
468 3574 499 3627 b
513 3612 528 3638 ,
589 3572 732 3641 quod
775 3575 832 3630 R
859 3575 982 3630 sch.
998 3616 1011 3639 ,
1070 3580 1134 3629 nt
1180 3576 1240 3629 D
1445 3575 1735 3631 dissentiat
1780 3578 1851 3631 M
1860 3577 1892 3631 b
2099 3576 2261 3632 refert
2294 3580 2411 3635 Mb

272 3664 360 3718 hic
397 3666 522 3720 LM
530 3668 562 3721 b
735 3670 929 3723 saltem
964 3670 1410 3727 BDEFH’LM
1439 3670 1670 3726 editores
1844 3672 1911 3727 14
1947 3673 2287 3741 probauerim
2322 3675 2354 3728 b
2368 3716 2380 3739 ,
2434 3675 2543 3743 pri-

273 3774 404 3813 uum
467 3760 520 3814 G
725 3765 779 3816 et
831 3766 1050 3819 actenus
1103 3766 1198 3830 M,
1259 3765 1519 3819 hactenus
1573 3766 1605 3819 b
1812 3766 2200 3821 desertauimus
2252 3767 2542 3834 BHLRS,

275 3852 687 3909 discretauimus
711 3858 789 3911 M
809 3860 970 3925 (corr.
987 3859 1054 3913 in
1071 3863 1283 3930 mam),
1320 3860 1739 3928 disceptauimus
1759 3862 1806 3926 b,
1846 3860 2255 3916 discertauimns
2282 3861 2404 3916 Βοὴ.

272 3977 562 4047 corporalis
597 3978 864 4033 ΑΗἸῖιδ*ι
1039 3981 1106 4036 15
1139 3981 1196 4034 ni
1232 3982 1352 4052 par]
1388 3983 1561 4050 impar
1586 3981 1659 4039 ,Ε
1826 3954 2057 4036 dicerem
2091 3982 2148 4037 R
2321 3980 2389 4035 16
2424 3983 2543 4053 aut]

273 4070 341 4123 ad
377 4070 729 4137 ABGHR&
791 4075 849 4126 at
884 4073 982 4139 M,
1041 4090 1101 4129 ac
1141 4075 1236 4131 ab
1439 4075 1605 4131 etiam
1642 4076 1711 4129 ad
1756 4075 1811 4130 L
2017 4076 2081 4129 17
2129 4075 2380 4130 adhibere
2414 4076 2543 4132 libri

264 4172 494 4232 praeter
530 4167 706 4223 CGM
734 4174 784 4222 et
821 4167 943 4223 Βοὴ.
