3175 5050
575 443 799 492 XLVIII

574 612 781 676 lorum
847 608 1267 692 capitulorum
1332 607 1942 692 praescriptionibus,
2008 608 2075 672 id
2136 608 2300 691 quod
2362 625 2488 672 non
2546 608 2717 674 cadit
2768 609 2839 674 111

574 712 842 796 reliquos
910 710 1126 795 libros,
1199 729 1343 777 cum
1406 711 1590 778 index
1634 711 1699 778 et
1754 711 2035 795 singulae
2091 711 2611 796 praescriptiones
2670 711 2836 778 haud

576 834 714 882 raro
779 817 948 883 inter
1013 834 1078 881 se
1143 817 1210 882 et
1265 833 1304 882 a
1361 815 1588 881 codicis
1655 815 1725 880 M
1791 814 2164 882 lectionibus
2233 813 2465 881 mirum
2532 815 2837 900 quantum

573 919 888 986 differant.
990 918 1204 1002 itaque
1277 918 1490 1001 paucis
1575 917 1767 994 locis,
1844 919 2067 1000 quibus
2142 918 2463 985 ABERS
2547 919 2837 1004 inprimis

576 1022 878 1090 lectiones
939 1021 1028 1103 (in
1085 1021 1277 1090 DFG
1345 1019 1861 1104 praescriptiones
1923 1039 2046 1087 non
2114 1023 2376 1100 exstant,
2445 1020 2635 1088 CHL
2695 1040 2837 1088 cum

577 1124 796 1191 ceteris
829 1124 1255 1208 consentiunt)
1289 1127 1366 1192 ob
1395 1124 1554 1190 hanc
1587 1124 1847 1191 illamue
1878 1143 2128 1190 causam
2160 1125 2513 1203 attulimus,
2562 1125 2835 1208 exceptis

576 1230 958 1312 reliquorum
1004 1232 1254 1310 praeter
1297 1228 1368 1294 M
1411 1227 1715 1293 librorum
1761 1227 2059 1294 lectiones
2092 1229 2283 1296 etiam
2324 1227 2393 1293 in
2434 1227 2832 1294 adnotatione

575 1332 800 1398 critica
864 1349 1116 1414 prorsus
1169 1317 1588 1416 negleximus,
1660 1350 1737 1397 ne
1803 1331 1993 1398 nimis
2063 1351 2200 1398 eam
2269 1335 2450 1398 rebus
2519 1331 2837 1400 futtilibus

575 1452 963 1518 augeremus.
1035 1453 1114 1498 ne
1170 1451 1328 1522 uerox
1381 1434 1713 1517 quisquam
1772 1452 1953 1519 aegre
2011 1435 2079 1501 id
2135 1435 2300 1501 ferat
2354 1434 2636 1501 nonnihil
2678 1435 2837 1502 forte

575 1538 920 1604 redundare
978 1555 1160 1620 posse
1219 1557 1292 1603 ex
1336 1528 1488 1603 ‘eius
1546 1537 1719 1602 modi
1773 1537 1968 1605 uariis
2012 1538 2388 1605 lectionibus
2432 1539 2508 1604 de
2554 1537 2837 1604 codicum

575 1641 1014 1708 aestimatione
1084 1643 1442 1719 arbitratuS,
1511 1641 1799 1707 codicum
1864 1642 2112 1725 praeter
2165 1644 2236 1708 M
2300 1641 2383 1725 (Gr
2424 1641 2584 1708 nihil
2629 1641 2835 1719 habet,

577 1747 738 1826 quod
783 1745 967 1809 ualde
1014 1745 1312 1826 dolemus)
1358 1744 1657 1810 lectiones
1693 1745 1758 1810 et
1801 1745 1868 1809 in
1898 1746 2105 1810 indice
2137 1745 2299 1811 etin
2331 1743 2837 1828 praescriptioni-

575 1848 691 1913 bus
757 1848 922 1913 inter
981 1865 1048 1912 se
1104 1847 1360 1914 maioris
1419 1848 1724 1913 momenti
1768 1847 2214 1931 discrepantias
2262 1851 2390 1914 fere
2437 1846 2645 1913 nullas
2687 1865 2838 1930 prae

572 1968 640 2014 se
684 1950 846 2015 ferre
891 1966 1461 2016 commemoramus.

661 2070 881 2136 Restat
925 2074 996 2135 ut
1042 2069 1276 2153 pande,
1325 2087 1513 2151 quare
1559 2070 1834 2135 carmina
1877 2089 1915 2136 a
1944 2070 2265 2136 nonnullis
2312 2069 2653 2136 Claudiano
2698 2071 2841 2137 Ma-

575 2175 775 2238 merto
835 2175 1154 2258 assignata
1209 2175 1276 2239 in
1333 2173 1497 2238 hanc
1554 2173 1891 2238 editionem
1936 2190 2059 2238 non
2102 2174 2466 2256 receperim,
2513 2192 2832 2257 exponam.

576 2296 648 2342 ac
726 2296 883 2360 quae
956 2279 1022 2343 in
1095 2277 1456 2342 collectione
1523 2277 1880 2342 Pisaurensi
1944 2276 2284 2344 Claudiano
2342 2277 2651 2343 Mamerto
2726 2277 2837 2342 tri-

577 2381 855 2448 buuntur
926 2382 1198 2446 carmina
1268 2381 1396 2446 iam
1463 2380 1699 2446 dudum
1758 2382 1813 2445 ei
1872 2379 2223 2447 abiudicata
2288 2382 2436 2446 sunt
2493 2381 2602 2463 (cf.
2665 2400 2715 2445 e.
2773 2397 2835 2464 g.

571 2483 838 2552 histoire
883 2484 1073 2552 litter.
1117 2484 1192 2550 cle
1237 2483 1304 2549 la
1348 2483 1608 2551 France
1651 2483 1747 2549 II
1780 2483 1960 2570 453),
2025 2503 2166 2549 cum
2224 2483 2291 2548 in
2337 2483 2625 2551 omnibus
2672 2482 2837 2548 codi-

576 2589 752 2655 cibus
822 2590 960 2655 aliis
1029 2590 1431 2668 ascribantur,
1501 2588 1682 2653 uelut
1750 2607 2009 2652 carmen
2074 2592 2297 2652 contra
2349 2591 2577 2669 poetas
2633 2605 2839 2652 uanos

575 2692 839 2758 Paulino
885 2691 1129 2758 Nolano
1179 2691 1302 2774 (ed.
1336 2692 1564 2758 Veron.
1618 2691 1781 2757 1736
1827 2708 1970 2775 pag.
2016 2691 2195 2771 551),
2241 2709 2499 2755 cam-men
2528 2690 2838 2772 paschale

575 2794 844 2860 Damaso
903 2795 1146 2881 (Migne
1190 2796 1349 2860 XIII
1395 2795 1572 2877 376),
1650 2794 1795 2859 lans
1870 2793 2116 2860 Christi
2171 2796 2534 2889 Merobaudi
2595 2793 2837 2878 (Migne

576 2897 722 2963 LXI
765 2898 946 2983 971).
1024 2917 1182 2963 unus
1248 2897 1516 2982 hymnus
1585 2892 1815 2981 ‘panqe
1890 2896 2117 2979 linqua
2187 2896 2457 2979 yloriosi
2515 2895 2839 2978 proelium

578 3000 969 3065 certaminis'
1007 3020 1044 3066 a
1072 3000 1522 3067 recentioribus
1568 3000 1910 3065 editoribus
1943 2998 2283 3065 Claudiano
2330 3000 2648 3078 tribuitur,
2695 3020 2835 3067 cum

577 3103 873 3171 Sidonius
918 3107 985 3170 in
1031 3106 1304 3188 epistula
1348 3106 1428 3171 ad
1466 3103 1881 3171 Claudianum
1913 3104 2295 3172 Mamertum
2341 3104 2562 3189 hymni
2605 3102 2685 3170 ab
2728 3104 2841 3169 1110

579 3208 847 3273 confecti
911 3209 1290 3274 mentionem
1358 3208 1553 3275 faciat
1625 3207 1731 3291 (cf.
1792 3209 1935 3273 edit.
2004 3226 2141 3291 pag.
2214 3207 2359 3284 201,
2407 3207 2513 3290 32)
2578 3209 2643 3272 et
2708 3205 2838 3271 Sir-

578 3312 844 3377 mondus
891 3311 969 3377 ad
1013 3313 1179 3377 hunc
1213 3310 1452 3377 Sidonii
1497 3311 1702 3376 locum
1754 3329 1827 3375 ex
1872 3310 2243 3377 scholiastae
2290 3310 2613 3376 cuiusdam
2656 3308 2838 3375 testi-

576 3414 783 3479 monio
851 3415 1153 3497 hymnum
1224 3414 1590 3497 significari,
1664 3414 1836 3479 cuius
1896 3413 2149 3479 initium
2208 3414 2293 3479 sit
2336 3433 2555 3497 panye
2610 3412 2847 3496 linqua

573 3516 840 3600 yloriosi·
885 3517 1204 3599 proelium
1250 3516 1635 3599 certaminis,
1678 3518 1959 3583 adnotet.
2034 3516 2201 3582 idem
2246 3515 2607 3582 Sirmondus
2652 3516 2836 3581 testi-

576 3619 861 3684 monium
922 3618 1002 3684 ad
1058 3618 1585 3701 comprobandam
1646 3620 2027 3686 sententiam
2071 3637 2248 3683 suam
2298 3638 2331 3684 e
2374 3617 2689 3686 Gennadio
2736 3617 2841 3703 (de

574 3723 868 3803 scriptor.
915 3720 1258 3787 ecclesiast.
1307 3741 1447 3803 cap.
1495 3720 1932 3803 LXXXIII)
1983 3720 2249 3804 profert,
2308 3739 2341 3786 e
2386 3721 2563 3787 cuius
2610 3721 2834 3801 codice,

577 3828 684 3909 qui
745 3824 867 3891 fuit
913 3823 1194 3890 coenobii
1241 3823 1300 3890 S.
1345 3824 1677 3891 Michaelis
1723 3826 1800 3889 de
1846 3824 2095 3890 Tumba
2140 3822 2301 3906 apud
2346 3822 2633 3891 Britones
2678 3826 2837 3891 Are-

579 3929 860 4004 moricoS,
903 3928 1056 3993 haec
1087 3930 1294 4010 uerba,
1329 3944 1483 4009 quae
1513 3926 1580 3992 in
1612 3928 1894 4011 uulgatis
1927 3926 2382 4009 exemplaribus
2415 3945 2539 3992 11011
2570 3929 2835 4012 exstant,

577 4032 937 4114 subiungit:
995 4027 1278 4112 ‘scripsit
1322 4028 1733 4097 Olmianns
1787 4034 1847 4096 et
1895 4029 2035 4096 alia
2078 4030 2413 4113 nonnulla,
2470 4030 2638 4095 inter
2679 4052 2841 4114 qnae

575 4136 634 4197 et
689 4130 995 4217 hymnum
1039 4134 1114 4199 de
1164 4128 1465 4216 passione
1519 4134 1785 4213 domini,
1846 4134 2030 4199 cuius
2093 4134 2359 4199 initium
2402 4137 2521 4201 est.-
2575 4156 2629 4217 p
2646 4154 2747 4199 an
2754 4154 2841 4217 ρο

578 4234 700 4300 lin
705 4256 866 4319 qua
915 4236 1293 4321 yloriosi,
1367 4236 1503 4319 fnit
1556 4240 1769 4301 antem
1823 4236 2030 4319 frater
2087 4235 2397 4301 Mamerti
2460 4236 2845 4302 Viennensis

571 4331 896 4421 cpiscopi'.
959 4329 1087 4406 iam
1120 4341 1345 4406 ueteris
1374 4340 1552 4405 illius
1585 4339 1961 4407 scholiastae
1986 4339 2420 4407 testimonium
2453 4358 2577 4405 11011
2620 4340 2843 4406 fictum
