3175 5050
595 401 746 450 11111

595 574 808 638 autem
853 572 1183 654 opponitur
1225 572 1428 638 flauus
1473 571 1599 636 oris
1642 571 1812 638 color
1852 570 2065 655 (galbe,
2100 570 2327 644 bleiche
2364 571 2853 658 Gesichtsfarbe)

591 675 687 746 ori
762 674 1032 746 colorato
1107 673 1472 758 (yebrdwnte
1554 673 1681 756 (ἦ).
1768 691 1925 757 quae
2001 693 2147 740 uero
2234 679 2580 759 sequuntur
2664 677 2855 744 uerba

578 776 797 859 pallet
855 776 966 842 ille
1033 777 1138 844 uel
1202 778 1386 861 nicer
1439 781 1533 844 est
1586 796 1711 845 non
1768 779 1917 844 noui
1954 779 2293 860 ‘quicquam
2336 780 2680 860 continent,
2746 781 2852 846 sed

593 884 855 948 eandem
901 881 1026 946 fere
1073 901 1210 946 rem
1254 881 1518 947 mutatis
1564 881 1773 946 uerbis
1819 880 2195 964 significant,
2240 883 2301 950 id
2351 885 2512 966 quod
2558 886 2853 969 asyndeto

595 986 831 1066 optime
890 985 1348 1068 comprobatur.
1401 1021 1475 1034 —-
1525 985 1773 1062 82,18
1830 984 2000 1052 illud
2054 989 2267 1052 tamen
2324 986 2521 1070 liquet
2560 988 2853 1052 animam

591 1089 736 1154 sim
778 1107 1036 1169 corpore
1061 1087 1554 1169 incorporaliter
1584 1105 1707 1171 per
1750 1088 2035 1171 adfectus
2064 1091 2408 1172 proprie
2450 1091 2551 1156 wel
2596 1089 2853 1156 mutem·

592 1191 699 1256 wel
753 1191 984 1274 adfbiyi
1033 1209 1212 1272 posse
1279 1192 1520 1276 scripsi,
1589 1210 1733 1256 cum
1788 1191 2090 1260 librorum
2159 1191 2465 1274 scriptura
2512 1192 2623 1275 pie
2668 1191 2854 1258 nihili

593 1294 706 1377 sit,
773 1313 930 1376 quae
999 1296 1214 1360 tamen
1282 1294 1466 1360 facile
1523 1314 1595 1360 ex
1648 1294 1921 1376 proprie
1974 1313 2084 1378 per
2141 1297 2575 1378 compendium
2620 1296 2851 1380 scripto

589 1397 740 1463 oriri
760 1469 779 1476 ,
809 1397 1035 1479 potuit.
1100 1397 1367 1478 proprie
1435 1401 1650 1462 autem
1694 1396 2071 1464 Claudianus
2138 1399 2403 1482 scripsit,
2473 1419 2592 1483 quo
2652 1401 2851 1482 magis

593 1502 753 1568 illud
819 1501 1108 1566 animam
1169 1500 1348 1565 sine
1413 1520 1749 1580 corpore
1814 1505 2063 1583 propter
2130 1504 2451 1585 sequentia
2506 1503 2696 1570 uerba
2751 1502 2850 1568 his

593 1605 874 1688 opposita
917 1623 1146 1684 corpus
1189 1603 1330 1669 sine
1371 1605 1600 1670 anima
1644 1605 1911 1670 efferret.
1946 1640 2031 1652 -—
2061 1607 2167 1681 89,
2211 1605 2253 1668 2
2298 1604 2404 1670 sed
2450 1625 2581 1670 non
2612 1605 2851 1670 idcirco

594 1707 981 1774 tardioribus
1047 1708 1512 1790 desperandum
1576 1711 1683 1786 est,
1752 1707 1934 1772 modo
1992 1711 2065 1772 ut
2106 1708 2491 1777 ‚auctoritati
2534 1708 2851 1786 cedamus.

589 1814 706 1897 qai
753 1812 1068 1877 rationem
1107 1814 1270 1894 forte
1327 1830 1459 1875 non
1503 1811 1824 1892 capimus:
1888 1829 2002 1894 ego
2046 1813 2117 1874 ut
2161 1829 2272 1891 pro
2316 1809 2436 1890 uel,
2498 1814 2659 1892 quod
2702 1811 2854 1876 libri

593 1920 848 1996 habent,
917 1915 1160 1996 scripsi,
1231 1932 1376 1978 cum
1440 1913 1543 1977 uel
1612 1913 2043 1997 compendiose
2112 1911 2420 1995 scriptum
2480 1913 2557 1978 ab
2616 1916 2693 1978 ut
2746 1914 2854 1978 uix

597 2020 848 2084 differat
892 2019 956 2082 et
999 2021 1209 2082 tamen
1252 2016 1354 2081 uel
1415 2016 1563 2081 ferri
1610 2033 1733 2081 non
1776 2017 1994 2101 possit.
2068 2016 2220 2080 licet
2266 2017 2435 2080 enim
2481 2017 2850 2082 concedatur

593 2124 838 2205 saepius
880 2121 982 2185 uel
1026 2138 1136 2202 pro
1179 2118 1406 2184 saltem
1449 2118 1759 2201 usurpari,
1806 2119 2019 2184 tamen
2065 2136 2142 2182 ne
2188 2118 2345 2184 hauc
2375 2117 2631 2201 quidem
2662 2119 2851 2202 signi·

591 2224 942 2290 ficationem
989 2224 1104 2288 hoc
1146 2224 1278 2288 loco
1324 2225 1536 2304 aptam
1581 2239 1715 2286 esse
1756 2220 1917 2286 mihi
1962 2221 2260 2302 persuasi.

677 2327 790 2393 VI.
837 2327 1267 2410 Archetypum
1311 2325 1538 2388 litteris
1585 2324 1938 2389 uncialibus
1982 2324 2289 2406 scriptum
2334 2335 2453 2389 non
2484 2324 2675 2390 fuisse
2708 2343 2851 2390 cum

591 2451 664 2497 ex
725 2429 1036 2512 frequenti
1095 2429 1596 2510 compendiorum
1666 2446 1783 2492 usu
1849 2429 1987 2492 tum
2056 2447 2128 2492 ex
2189 2427 2453 2508 singulis
2513 2427 2723 2493 uerbis
2786 2429 2855 2494 in

593 2536 880 2601 omnibus
944 2534 1124 2598 libris
1181 2536 1397 2599 eodem
1453 2533 1635 2599 modo
1694 2531 1849 2598 falso
1910 2532 2223 2597 distinctis
2280 2532 2655 2617 collegerim,
2735 2552 2853 2616 quo

593 2637 814 2704 mendo
878 2638 1202 2720 perspecto
1269 2636 1438 2703 facili
1501 2636 1753 2721 negotio
1820 2636 2165 2718 complures
2232 2637 2354 2702 loci
2419 2636 2738 2702 emendari
2792 2637 2857 2701 et

591 2744 799 2807 sanari
842 2744 1121 2822 possunt.
1179 2741 1270 2804 sic
1313 2739 1416 2818 24,
1465 2740 1544 2804 11
1589 2736 2153 2819 perimatholicam
2198 2756 2311 2821 pro
2346 2758 2467 2820 per
2510 2738 2853 2806 incatholi-

591 2865 765 2924 cam,
835 2845 938 2925 33,
987 2845 1021 2908 1
1083 2843 1248 2908 wude
1287 2843 1383 2907 sis
1425 2860 1536 2927 pro
1583 2843 1777 2909 audes
1818 2844 1881 2907 is
1940 2843 2157 2923 (audes
2215 2841 2359 2926 his),
2426 2842 2531 2920 42,
2592 2841 2680 2907 20
2724 2860 2853 2925 pro

581 2950 880 3031 portione
924 2966 1035 3029 pro
1073 2948 1481 3029 proportione
1523 2947 1628 3029 (cs.
1664 2948 1809 3030 162,
1846 2948 1949 3026 17)
1995 2946 2161 3011 recte
2204 2965 2305 3010 me
2350 2944 2676 3027 scripsisse
2722 2962 2853 3009 om-

591 3070 700 3118 nes
745 3054 895 3133 puto
942 3051 1297 3131 concedent,
1357 3052 1695 3132 eodemque
1754 3049 1879 3115 leni
1921 3050 2197 3115 remedio
2252 3048 2519 3115 feliciter
2562 3049 2663 3113 usi
2706 3049 2856 3113 sunt

591 3156 888 3221 Barthius
933 3153 1037 3233 82,
1082 3155 1124 3219 6
1167 3154 1501 3219 ininitiato
1541 3173 1653 3238 pro
1698 3154 1775 3219 in
1817 3152 2101 3234 initiato,
2160 3152 2455 3219 Schottus
2508 3151 2648 3228 137,
2698 3150 2731 3214 1
2779 3170 2856 3215 ex

587 3258 936 3323 olenticetis
992 3276 1103 3338 pro
1159 3276 1234 3321 ex
1289 3252 1480 3323 olenti
1533 3256 1700 3335 cette,
1762 3256 2085 3322 Hartelius
2152 3256 2293 3335 137,
2342 3253 2379 3317 7
2434 3253 2703 3336 quidum
2745 3271 2853 3335 pro

589 3361 704 3441 qui
747 3360 902 3425 dum
944 3360 1305 3425 scribentes.
1367 3362 1687 3441 praeterea
1732 3358 1877 3439 144,
1928 3359 2007 3425 18
2050 3377 2159 3442 pro
2195 3358 2425 3425 sideris
2455 3357 2744 3422 citimum
2786 3356 2853 3419 in

589 3463 768 3529 libris
814 3465 1059 3546 praeter
1100 3462 1322 3529 DEF2
1377 3462 1609 3547 legitur
1650 3462 1971 3529 siderescit
2010 3463 2234 3542 imum,
2286 3462 2427 3537 148,
2478 3463 2556 3527 18
2604 3460 2737 3525 dies
2778 3477 2857 3523 ex

589 3585 700 3649 pro
765 3566 842 3631 de
905 3585 1014 3630 sex
1079 3566 1258 3649 (corr.
1307 3563 1509 3649 AE⁹)‚
1581 3566 1725 3645 121,
1788 3567 1869 3631 14
1922 3564 2259 3647 hipponme
2324 3564 2686 3631 tarentinus
2750 3559 2854 3627 uel

587 3669 797 3735 simile
871 3670 1022 3752 quid
1093 3686 1202 3751 pro
1273 3667 1516 3750 hippon
1587 3669 2057 3749 metapontimis
2126 3667 2210 3752 (G
2274 3669 2479 3749 corn),
2557 3667 2700 3745 149,
2774 3666 2855 3731 12

588 3772 872 3838 nmneris
901 3776 959 3836 et
988 3770 1162 3835 horis
1191 3790 1301 3855 pro
1345 3790 1675 3837 nunaerose
1717 3772 1925 3837 choris
1965 3776 2148 3855 (corr.
2181 3770 2307 3848 E2).
2368 3788 2566 3855 neque
2612 3770 2852 3852 dubito,

588 3875 737 3956 quin
782 3875 1116 3958 genuinam
1161 3874 1539 3940 restituerim
1582 3876 1913 3940 lectionem
1965 3875 2105 3954 134,
2153 3876 2195 3939 2
2238 3894 2317 3939 en
2348 3873 2459 3937 tibi
2488 3873 2643 3937 duos
2661 3890 2854 3953 prae-

587 3975 977 4041 clarissimos
1001 4026 1020 4043 .
1043 4027 1062 4044 .
1087 4022 1106 4043 .
1131 3976 1364 4041 sentire
1433 3976 1759 4042 nobiscum
1828 3976 2247 4057 inermemque
2320 3980 2375 4040 te
2448 3975 2856 4040 auctoritatis

573 4077 862 4159 pondere
904 4084 962 4143 et
1003 4080 1285 4145 rationis
1327 4078 1580 4144 uiribus
1624 4079 2084 4161 prosternitare
2103 4079 2147 4161 ¹)
2196 4078 2678 4163 disparatosque
2722 4093 2854 4143 cor·

793 4235 832 4300 ¹)
869 4233 946 4287 Ex
981 4248 1158 4289 errore
1195 4231 1520 4303 typographi
1555 4230 1619 4285 in
1653 4234 1805 4287 textu
1842 4234 1899 4285 et
1930 4230 2279 4287 adnotatione
2318 4232 2513 4287 critica.
2540 4229 2855 4299 prosterni·

585 4318 722 4375 dare
757 4322 1032 4375 exaratum
1067 4320 1166 4373 est.
