3175 5050
2478 479 2632 525 VIIII

385 641 564 707 simis
607 641 858 707 tantum
900 641 1048 706 locis
1095 642 1440 707 correctam
1479 646 1649 728 typis
1670 643 2150 710 describendam
2180 650 2427 710 curaret
2458 665 2629 711 eam-

375 762 506 826 ·qree
558 745 764 810 8010111
803 744 872 808 111
917 744 1553 812 animaduersionibus
1618 747 1955 814 scribendis
1999 747 2352 831 respiceret,
2398 751 2629 814 multos

388 847 553 913 locos
605 848 769 913 falso
823 849 1143 926 tractauit,
1190 848 1296 931 qui
1337 867 1378 912 a
1422 849 1677 915 schotto
1737 851 2023 917 codicum
2059 869 2182 934 iope
2224 851 2353 918 iam
2394 853 2632 920 dudum

384 956 565 1016 erant
613 951 898 1016 correcti.
968 952 1253 1018 attamen
1306 953 1441 1033 ipse
1495 954 1799 1018 nonnulla
1856 955 1923 1019 111
1970 956 2257 1020 omnibus
2316 955 2629 1020 codicibus

381 1053 542 1120 falso
599 1055 834 1119 tradita
890 1056 1132 1139 egregie
1188 1056 1453 1122 sanauit.
1529 1052 1645 1121 hoe
1684 1073 1834 1121 uero
1878 1057 2013 1122 loco
2048 1076 2181 1136 008,
2230 1059 2337 1141 qui
2382 1061 2629 1123 nostrae

385 1157 670 1222 editionis
712 1158 1114 1222 adnotatione
1147 1158 1362 1224 critica
1404 1159 1581 1222 usuri
1628 1160 1795 1236 sunt,
1841 1161 2249 1226 commonitos
2296 1160 2507 1244 uelim,
2554 1179 2631 1225 ne

379 1260 626 1326 Barthii
691 1261 1152 1325 emendationes
1209 1279 1424 1325 omnes
1495 1260 1787 1326 editionis
1854 1263 2153 1346 principis
2222 1264 2629 1330 fundamento

380 1364 498 1427 niti
542 1363 1008 1442 obliuiscantur,
1055 1382 1244 1446 quam
1281 1354 1364 1428 ob
1411 1381 1544 1428 rem
1586 1365 1738 1443 illis,
1782 1385 1859 1429 ne
1894 1366 2055 1431 falso
2090 1368 2165 1432 de
2196 1367 2449 1432 Barthii
2479 1386 2626 1432 con-

379 1465 636 1531 iecturis
679 1467 978 1547 iudicent,
1027 1486 1099 1532 ea
1125 1467 1265 1530 --loci
1309 1467 1605 1550 temptati
1651 1467 1871 1545 forma,
1918 1487 2071 1551 quae
2108 1472 2211 1534 *est
2256 1469 2325 1534 in
2356 1470 2629 1536 editione

381 1569 672 1650 principe,
718 1573 868 1635 ante
913 1570 1120 1635 oculos
1161 1571 1448 1635 uersetur
1487 1588 1739 1635 necesse
1782 1573 1896 1636 est.

464 1707 864 1772 Nouissimus
911 1706 1242 1772 Claudiani
1285 1707 1480 1774 libros
1524 1708 1836 1774 recensuit
1880 1709 1958 1773 ad
1998 1698 2240 1776 Schotti
2284 1714 2347 1775 et
2390 1711 2629 1776 Parisi-
2658 1703 2882 1798 Ggffissfffi

390 1827 502 1874 nas
547 1809 844 1876 editiones
891 1811 1070 1876 nouis
1114 1830 1237 1876 non
1279 1830 1428 1876 usus
1473 1812 1787 1877 codicibus
1820 1809 2182 1878 Gallandius
2226 1813 2629 1896 (bibliotheca

383 1914 634 1994 patrum
677 1917 804 1980 uet.
844 1915 967 1979 uol.
1001 1913 1110 1999 X),
1157 1915 1320 1980 unde
1353 1934 1454 1981 eos
1487 1915 1872 1999 deprompsit
1902 1915 2119 1998 Migne
2148 1917 2216 1981 in
2246 1917 2628 2002 patrologiae

379 2015 612 2082 latinae
657 2019 782 2084 uol.
827 2019 999 2084 LIII.

1299 2264 1705 2274 -—————-——.

753 2515 848 2599 II.
921 2515 1044 2601 DE
1112 2515 1472 2601 TEXTVS
1536 2515 2242 2604 EMENDATIONE.

463 2781 881 2875 Communem
925 2806 1221 2887 omnium,
1270 2822 1422 2889 quos
1461 2807 1646 2872 modo
1679 2807 2137 2889 descripsimuS,
2184 2807 2465 2872 codicum
2495 2824 2626 2871 esse

376 2916 679 3001 originem
709 2918 894 2998 atque
929 2914 1006 2981 ab
1038 2935 1161 2982 uno
1191 2918 1529 3000 eodemque
1558 2918 1671 2983 hos
1698 2937 1910 2985 omnes
1936 2915 2187 2983 fluxisse
2218 2916 2379 2981 libro
2410 2917 2623 2983 arche-

377 3022 549 3103 typo,
597 3022 662 3085 et
712 3038 970 3085 numero
1027 3020 1412 3099 mendorum,
1462 3039 1619 3102 quae
1676 3020 1963 3085 omnibus
2030 3020 2204 3085 libris
2272 3020 2645 3085 communia.

377 3125 545 3204 sunt,
592 3126 655 3188 et
699 3124 882 3206 plane
915 3121 1226 3205 singulari
1271 3122 1645 3207 condicione,
1694 3141 1817 3205 qua
1842 3122 2061 3188 Fausti
2091 3122 2359 3205 epistula
2392 3122 2625 3188 codici-

375 3225 492 3291 bus
535 3226 860 3292 Claudiani
914 3227 1209 3310 traditur,
1277 3227 1730 3309 comprobatur.
1807 3227 2048 3291 constat
2106 3226 2271 3291 enim
2323 3224 2439 3290 illa
2495 3226 2625 3308 epi-

377 3330 546 3397 stula
613 3330 817 3397 tribus
890 3330 1194 3413 partibuS,
1272 3348 1533 3411 quarum
1598 3328 1801 3411 prima
1866 3332 1933 3394 et
1998 3328 2195 3395 altera
2266 3328 2331 3393 in
2399 3328 2625 3393 nostris

379 3432 712 3500 Claudiani
765 3435 1079 3500 codicibus
1126 3450 1248 3499 non
1295 3435 1520 3515 exstat,
1575 3452 1724 3499 cum
1780 3432 2025 3516 integra
2068 3431 2337 3514 epistula
2377 3435 2627 3497 seruata

373 3536 464 3601 sit
525 3538 590 3602 in
655 3538 861 3602 codice
920 3536 1312 3621 Sangallensi
1367 3556 1460 3601 nr.
1512 3537 1639 3603 190
1702 3554 1831 3599 una
1896 3553 2039 3599 cum
2104 3534 2365 3617 reliquis
2408 3534 2624 3599 Fausti

375 3639 680 3720 epistulis
756 3642 1036 3705 attamen
1081 3638 1275 3704 etiam
1321 3637 1650 3705 Claudiani
1704 3636 1881 3703 libris
1935 3640 2241 3721 integram
2289 3637 2621 3718 epistulam

373 3743 527 3813 olim
583 3743 918 3825 praefixam
976 3743 1170 3809 fuisse
1230 3742 1378 3807 inde
1423 3742 1610 3807 facile
1656 3746 1935 3823 apparet,
1980 3742 2147 3823 quod
2188 3742 2344 3805 duas
2388 3741 2623 3821 priores

373 3845 680 3928 epistulae
726 3852 933 3928 partes
979 3864 1172 3928 aeque
1219 3862 1294 3909 ac
1337 3845 1593 3911 tertiam
1637 3844 1895 3925 respicit
1936 3844 2317 3909 Claudianus
2369 3841 2471 3923 (cf.
2518 3841 2620 3919 24,

377 3948 459 4015 10
487 3966 620 4030 sqq.
683 3950 748 4013 et
791 3950 891 4028 26,
939 3948 1022 4013 10
1049 3950 1236 4033 sqq).
1308 3965 1511 4029 neque
1575 3950 1789 4013 tamen
1851 3946 2129 4011 difficilis
2173 3948 2267 4010 est
2322 3945 2621 4027 quaestio,

373 4068 485 4117 cur
553 4069 592 4119 a
659 4052 852 4117 tertia
916 4053 1170 4117 demum
1236 4050 1544 4133 epistulae
1608 4051 1783 4132 parte
1832 4052 1998 4133 (pag.
2046 4050 2107 4126 8,
2159 4048 2261 4129 15)
2326 4046 2626 4128 inceperit

369 4153 702 4221 Claudiani
766 4153 1072 4221 librorum
1136 4158 1490 4223 nostrorum
1551 4152 1943 4235 archetypus,
2018 4168 2163 4215 cum
2218 4150 2385 4214 enim
2441 4150 2508 4215 in
2551 4168 2625 4214 00

373 4260 554 4340 parte
597 4257 874 4325 Faustus
933 4258 1010 4323 de
1058 4258 1300 4323 animae
1356 4254 1797 4338 corporalitate
1855 4254 2242 4323 disseruisset
2298 4255 2365 4317 et
2408 4255 2624 4317 contra

377 4358 536 4429 hanc
579 4358 649 4427 in
692 4358 908 4443 primis
947 4359 1193 4443 partem
1225 4357 1605 4427 Claudianus
1649 4358 1839 4423 libros
1884 4358 1960 4423 de
1998 4356 2171 4423 statu
2213 4355 2455 4421 animae
2498 4354 2622 4417 tres
