3175 5050
717 439 840 504 130
1481 434 1849 492 Claudiani
1884 435 2203 490 Mamerti

710 627 775 692 in
834 644 966 691 rem
1026 626 1124 692 sui
1179 623 1359 691 nobis
1418 624 1771 706 opitulante
1823 621 2091 688 ueritate
2140 620 2404 688 rationis
2449 640 2690 704 quoque
2733 621 2951 689 uiribus

710 728 1072 794 refellimus,
1116 728 1368 793 Marcus
1393 727 1613 808 Varro,
1645 727 1744 792 sui
1774 726 2005 791 saeculi
2035 725 2453 808 peritissimus
2483 729 2545 790 et
2574 727 2736 790 teste
2766 726 2949 793 Tullio

711 832 992 898 omnium
1059 829 1232 895 sine
1299 830 1811 898 dubitat-ione
1876 829 2430 908 doctissimus,
2476 827 2623 911 quid
2666 829 2735 893 in
2780 831 2952 894 musi-

709 935 816 1014 ciS‚
860 934 1009 1016 quid
1049 932 1154 1020 <in
1185 931 1667 1019 arithmeticis>,
1700 934 1851 1016 quid
1881 932 1948 997 in
1976 932 2387 1016 geometriciS,
2421 931 2571 1014 quid
2600 931 2669 996 in
2698 931 2951 1015 philoso-

709 1039 1062 1122 phomenon
1105 1036 1287 1102 libris
1333 1037 1550 1102 diuina
1595 1037 1862 1119 quadam
1906 1035 2329 1118 disputatione
2374 1031 2715 1114 contendit,
2754 1035 2871 1100 nisi
2895 1039 2999 1100 utz.

710 1159 748 1208 a
790 1140 1150 1206 uisibilibus
1211 1141 1290 1206 ad
1334 1139 1699 1219 inuisibilia,
1742 1159 1785 1204 a
1825 1138 2128 1205 localibus
2186 1139 2269 1203 ad
2323 1137 2633 1225 inlocalia‚
2680 1157 2718 1204 a
2764 1156 2955 1221 corpo-

710 1245 830 1310 reis
874 1247 952 1311 ad
995 1245 1357 1328 incorporea
1385 1245 1564 1309 miris
1596 1247 1883 1308 aeternae
1912 1242 2069 1308 artis
2100 1242 2303 1308 modis
2334 1241 2662 1308 abstrahat
2692 1242 2955 1306 animum

709 1349 772 1414 et
815 1348 885 1413 in
927 1366 1200 1430 corpora,
1251 1347 1368 1412 hoc
1411 1347 1509 1412 est
1551 1347 1619 1412 in
1662 1347 1926 1411 aduersa
1968 1345 2087 1412 sibi
2132 1345 2448 1428 dilapsum
2493 1347 2593 1411 sui
2624 1349 2953 1429 compotem

707 1451 944 1519 faciat?
988 1451 1089 1516 cui
1131 1451 1188 1516 si
1235 1468 1456 1532 corpus
1503 1453 1686 1535 esset,
1744 1467 1965 1531 corpus
2011 1449 2351 1514 aduersum
2395 1466 2527 1513 esse
2572 1467 2698 1514 non
2744 1449 2949 1531 posset.

709 1556 860 1639 quid
927 1573 1039 1638 ego
1107 1573 1272 1620 nunc
1334 1553 1667 1635 Zoroastri,
1728 1553 1878 1635 quid
1935 1551 2404 1618 Brachmanum
2456 1570 2528 1616 ex
2572 1550 2782 1629 India,
2829 1549 2998 1634 quidm

707 1658 1150 1725 Anacharsidis
1194 1676 1226 1723 e
1272 1657 1547 1741 Scythia,
1596 1656 1747 1740 quid
1792 1673 1936 1724 uero
1980 1654 2306 1736 Catonum,
2338 1654 2490 1738 quid
2524 1654 2612 1720 M.
2647 1653 2952 1734 Ciceronis

710 1761 860 1844 quid
925 1760 1144 1844 Crispi,
1213 1760 1321 1843 qui
1389 1762 1467 1826 ab
1531 1760 1665 1842 ipso
1730 1776 1928 1840 paene
1983 1757 2287 1841 principio
2345 1758 2445 1822 sui
2502 1755 2701 1840 operis
2766 1756 2952 1822 animo

708 1863 1072 1930 dominandi
1135 1865 1231 1930 ius
1298 1861 1547 1939 tribuit,
1613 1863 1853 1946 corpori
1921 1861 2129 1945 legem
2184 1860 2510 1926 seruitutis
2579 1860 2851 1942 inponit,
2903 1858 2955 1924 in

709 1967 1132 2034 defensionem
1187 1966 1320 2031 ueri
1379 1966 1726 2031 sententias
1786 1965 2065 2030 adferam
2081 2014 2097 2044 ,
2164 1963 2314 2047 quid
2360 1963 2532 2030 orbis
2576 1964 2861 2030 uniuersi
2898 1965 2955 2028 de

710 2070 956 2136 animae
1012 2070 1184 2136 statu
1226 2069 1404 2134 nobis
1461 2085 1821 2151 concrepare
1881 2068 2183 2134 iudicium
2231 2069 2295 2133 in
2344 2068 2443 2134 his
2491 2065 2828 2132 dumtaxat
2869 2066 2955 2148 qui
2969 2089 3000 2128 ιε

709 2173 934 2240 merito
981 2173 1261 2238 enituere
1313 2173 1676 2239 conuincam
1696 2175 1729 2238 ‘z‘

911 2410 946 2466 3
980 2411 1050 2466 cf.
1085 2411 1319 2481 August.
1355 2411 1420 2465 de
1457 2410 1560 2466 cin.
1600 2411 1686 2465 dei
1722 2411 1801 2466 VI
1835 2413 1869 2466 2
2046 2411 2111 2466 12
2146 2411 2213 2466 cf.
2250 2409 2475 2466 Sallust.
2514 2409 2677 2464 Catil.
2714 2410 2770 2475 1,
2809 2410 2843 2463 2

811 2633 840 2686 1
897 2646 954 2685 re
1009 2631 1058 2686 S
1255 2632 1468 2686 ueribus
1523 2631 1663 2686 coni.
1712 2630 1835 2686 Βοὴ.
2041 2630 2076 2684 2
2120 2630 2313 2685 marcis
2359 2630 2565 2687 AH²R
2780 2628 2955 2686 saeculi

707 2734 792 2788 sui
828 2732 885 2789 Β
1072 2735 1107 2789 3
1141 2736 1237 2803 qui
1272 2737 1330 2789 in
1365 2733 1586 2789 musicis
1622 2734 1679 2789 Β
1874 2734 1911 2788 4
1944 2734 2075 2803 quid
2108 2734 2168 2788 in
2206 2734 2563 2789 arithmeticis
2599 2734 2661 2802 b',
2722 2735 2856 2805 quid
2888 2732 2955 2797 M,

706 2850 805 2890 om.
831 2836 963 2901 rell„
997 2836 1160 2891 uncis
1182 2836 1407 2891 inclusit
1442 2836 1560 2891 Βοὴ.
1738 2837 1798 2889 in
1831 2842 1965 2892 ante
2000 2838 2344 2906 geometricis
2380 2844 2434 2893 et
2458 2844 2589 2893 ante
2626 2837 2952 2907 philosopho-

705 2956 896 2995 menon
940 2956 1040 2997 om.
1075 2943 1109 2997 b
1145 2941 1265 2997 Βοὴ.
1473 2941 1935 3011 φιλοσοφομένων
1970 2942 2491 3011 (φιλοσοφουμένων
2534 2942 2822 3010 Gallamd.)
2860 2941 2957 2997 edi-

707 3068 876 3130 tores,
927 3062 1000 3129 cf.
1048 3078 1180 3133 pay.
1226 3066 1311 3129 19,
1356 3066 1430 3117 16
1646 3063 1680 3117 5
1734 3028 2063 3117 contendunt
2116 3063 2173 3119 Β
2380 3064 2412 3117 7
2467 3064 2717 3118 aeternae
2772 3062 2956 3118 Ε’ίέὁἰ

707 3164 830 3218 Sch.
876 3165 942 3219 in
988 3166 1163 3234 notis,
1224 3166 1457 3221 aeternis
1503 3166 1621 3221 rell.
1669 3171 1723 3221 et
1767 3167 1825 3234 b,
1885 3167 1942 3223 et
1991 3168 2197 3222 arcanis
2241 3167 2518 3223 Bar-thius
2726 3170 2956 3223 aeternae

706 3269 866 3339 artis]
902 3270 1246 3325 aeternitatis
1289 3271 1436 3325 coni.
1473 3270 1595 3324 Βοὴ.
1804 3270 2154 3326 abstrahebat
2186 3272 2338 3337 AB',
2396 3270 2682 3327 abstrahat
2718 3273 2841 3329 HL

706 3375 740 3429 8
775 3373 1082 3443 incorporea
1112 3376 1180 3442 ρ’
1385 3374 1665 3444 delapsum
1700 3374 1991 3444 HLRSp²
2194 3376 2229 3430 9
2263 3376 2359 3445 qui
2397 3376 2444 3431 S
2644 3376 2716 3431 10
2758 3377 2955 3431 zoroad-

703 3494 793 3547 his
844 3494 920 3558 G,
983 3493 1234 3548 zoroadhi
1281 3494 1396 3549 rell.
1602 3468 1950 3565 bragmaffim
1997 3497 2077 3564 A,
2143 3500 2497 3565 bragmanum
2536 3498 2661 3573 fell.
2713 3504 2765 3553 et
2809 3499 2841 3552 b

709 3598 774 3652 11
822 3597 1186 3653 anacharsidis
1235 3613 1264 3651 e
1297 3598 1496 3667 scripsi
1510 3637 1525 3663 ,
1585 3600 1826 3653 anatarsi
1871 3599 1936 3653 de
1975 3601 2054 3665 G,
2114 3601 2397 3657 anacharsi
2442 3617 2505 3655 ex
2538 3600 2595 3656 Β
2609 3640 2625 3667 ,
2685 3599 2953 3657 anacharsi

707 3700 773 3755 de
817 3701 966 3766 rell„
1025 3701 1341 3756 anacharses
1388 3718 1417 3755 e
1463 3701 1522 3770 b,
1585 3702 1891 3757 anacharsis
1939 3719 1968 3757 e
2015 3703 2135 3760 Βοὴ.
2269 3772 2277 3783 ·
2346 3704 2476 3759 sitia
2520 3704 2575 3761 Β
2785 3706 2955 3761 catone

705 3822 762 3875 A
969 3822 1034 3876 12
1089 3821 1253 3891 crispi
1311 3820 1443 3889 68²,
1501 3788 1753 3895 chssnffillli
1803 3824 1859 3879 A
1874 3866 1887 3891 ,
1945 3822 2221 3895 chrysippi
2276 3824 2539 3894 (crisippi)
2591 3826 2711 3881 rell.
2760 3830 2815 3880 et
2858 3822 2952 3879 edi-

705 3933 850 3983 tores
1055 3926 1124 3979 13
1174 3925 1418 3980 minandi
1468 3926 1526 3981 B
1732 3928 2011 3997 inponitur
2064 3928 2121 3984 Β
2330 3930 2395 3984 15
2442 3930 2519 3999 in]
2557 3929 2619 3983 ni
2658 3926 2844 3986 ,ΒΕΓ

704 4030 790 4085 his
828 4044 929 4086 om.
964 4028 1198 4085 BDEF
