3175 5050
2288 460 2543 507 XXVIIII

290 635 572 714 eoepectat
613 630 804 713 rell.)‚
854 630 995 713 166,
1045 629 1127 694 14
1167 629 1427 694 uiuente
1477 630 1752 713 (uiuenti
1793 630 1982 713 rell.),
2047 631 2188 710 172,
2236 632 2323 696 20
2360 631 2538 696 iudi-

291 734 430 799 cari
464 733 775 816 (iudicari
803 733 995 816 rell.),
1046 733 1188 816 173,
1225 733 1307 798 10
1333 733 1488 798 istoc
1525 733 1713 816 (istuc
1743 733 1927 813 rell.),
1978 735 2121 818 175,
2158 737 2191 798 1
2224 737 2537 799 tortuosae

297 839 464 919 (cum
506 835 713 915 DEF,
760 838 1041 900 tortuosa
1083 837 1201 900 etc.
1248 836 1436 918 rell.),
1488 836 1629 918 175,
1682 839 1713 899 1
1762 836 2111 900 botulorum
2161 836 2542 915 (batulorum

290 939 475 1021 rell.),
527 940 666 1019 181,
711 941 753 1004 3
795 943 1086 1003 cassatur
1129 942 1300 1021 (cum
1329 938 1456 1016 LS,
1502 943 1811 1004 causatur
1838 939 2025 1026 rell.),
2075 939 2218 1019 183,
2267 940 2304 1004 7
2348 959 2539 1021 quae-

288 1041 517 1108 stionis
564 1045 732 1125 (cum
776 1043 832 1105 D
850 1043 984 1121 EF,
1032 1042 1112 1107 cf.
1158 1059 1302 1123 pag.
1333 1041 1599 1120 XXVII,
1645 1041 2115 1122 quaestiouibus
2158 1043 2342 1126 rell.),
2396 1042 2538 1127 184,

289 1145 330 1210 8
375 1165 630 1226 corpore
678 1148 844 1228 (cum
889 1145 1071 1224 DEF,
1118 1145 1368 1226 corpori
1409 1145 1598 1226 rell.),
1660 1144 1801 1224 184,
1852 1146 1933 1211 12
1976 1149 2201 1227 suapte
2251 1144 2542 1227 (subapta

289 1252 378 1330 M,
441 1248 704 1331 subapte
745 1248 933 1333 rell.),
1005 1248 1146 1328 184,
1197 1249 1276 1314 18
1306 1248 1679 1330 plusculum
1730 1251 1895 1330 (cum
1940 1250 1995 1314 D
2011 1249 2063 1312 E
2080 1251 2150 1324 F,
2207 1247 2540 1328 flosculum

289 1354 476 1433 rell.).

375 1456 541 1536 Quos
586 1458 771 1536 locOS,
817 1458 870 1520 si
915 1455 1262 1520 accuratius
1309 1456 1670 1538 inspexeriS,
1715 1457 1807 1521 ita
1852 1458 2231 1540 comparatos
2266 1475 2419 1535 esse,
2465 1456 2538 1521 ut

291 1561 462 1624 recta
509 1578 675 1642 quae
733 1560 938 1623 exstat
998 1559 1064 1622 in
1110 1557 1164 1624 G
1224 1558 1412 1622 lectio
1471 1559 1644 1623 facili
1704 1559 1952 1644 negotio
2013 1578 2049 1624 a
2092 1559 2346 1624 librario
2406 1561 2537 1642 ipso

288 1663 556 1728 inueniri
597 1662 886 1746 potuerit,
949 1679 1160 1726 omnes
1217 1665 1368 1744 puto
1427 1663 1780 1726 concedent.
1860 1663 2025 1728 unde
2082 1663 2273 1728 etiam
2330 1662 2536 1741 ΒΕΓ,

287 1767 479 1830 libros
533 1765 865 1830 deteriores
926 1769 988 1829 et
1045 1764 1468 1847 interpolatos,
1528 1765 1890 1847 saepissime
1950 1785 2093 1830 cum
2150 1763 2204 1828 G
2277 1767 2537 1830 eandem

288 1870 578 1951 praebere
622 1869 1004 1952 scripturam
1048 1868 1404 1934 mirandum
1448 1888 1570 1934 non
1614 1871 1729 1934 est.
1802 1869 2009 1951 ipsum
2056 1870 2265 1933 autem
2311 1867 2536 1934 codicis

288 1974 346 2042 G
402 1971 735 2038 librarium
793 1973 1148 2037 correctoris
1209 1991 1461 2037 munere
1520 1972 1807 2038 functum
1867 1991 2000 2036 esse
2044 1974 2246 2036 multo
2289 1973 2533 2050 meliuS,

287 2092 477 2157 quam
523 2094 592 2139 ex
651 2075 780 2140 illis
832 2074 981 2139 locis
1027 2076 1186 2140 bene
1228 2078 1482 2155 sanam,
1545 2095 1619 2140 ex
1662 2095 1890 2160 magno
1934 2093 2147 2141 earum
2193 2075 2537 2140 lectionum

285 2196 538 2242 numero
571 2178 978 2262 cognoscitur,
1024 2177 1246 2262 quibus
1289 2181 1410 2244 iste
1441 2181 1700 2244 sanandi
1731 2179 1939 2246 studio
1979 2178 2245 2262 pessime
2289 2179 2533 2242 textum

285 2280 615 2347 Claudiani
687 2281 994 2365 corrupit,
1068 2283 1270 2347 ueluti
1335 2285 1407 2346 ut
1472 2300 1671 2364 pauca
1743 2301 1855 2364 pro
1927 2281 2145 2347 multis
2218 2281 2533 2363 proferam

286 2385 598 2467 exemplat
653 2385 762 2464 ,18,
825 2387 902 2450 11
955 2387 1386 2467 (quamquam)
1418 2420 1504 2432 -
1531 2384 1751 2470 fuerit]
1810 2383 1941 2464 fuit
1999 2383 2085 2460 G,
2156 2383 2256 2463 19,
2307 2385 2383 2447 11
2430 2384 2534 2447 sui

290 2485 720 2576 (primordio)]
767 2507 880 2553 suo
928 2488 1005 2568 G,
1072 2488 1176 2565 21,
1226 2487 1302 2553 11
1340 2484 1754 2575 puerascunt]
1818 2486 1931 2569 qui
1984 2485 2217 2552 scilicet
2262 2486 2403 2551 add.
2454 2487 2531 2569 G,

286 2592 388 2671 22,
438 2592 478 2655 2
538 2590 892 2675 (inludunt)
957 2589 1288 2678 inperitos}
1347 2592 1648 2673 inperitis
1692 2591 1767 2668 G,
1834 2592 1937 2669 22,
1969 2588 2068 2654 -15
2120 2590 2292 2675 istoc]
2343 2589 2535 2655 istinc

287 2692 360 2778 G,
407 2694 512 2771 22,
547 2695 626 2760 16
672 2692 1080 2781 quamquam]
1129 2698 1264 2758 tam
1301 2696 1376 2772 G,
1425 2695 1528 2772 23,
1565 2697 1596 2759 1
1646 2690 2086 2781 periculosius]
2129 2692 2531 2773 pericliosius

289 2796 377 2875 G,
451 2798 550 2879 23,
613 2799 696 2862 24
750 2800 811 2862 et
863 2799 998 2862 add.
1048 2796 1133 2876 G,
1210 2796 1313 2871 25,
1362 2797 1440 2861 21
1500 2796 1897 2862 excludentes
1953 2795 2089 2862 add.
2138 2796 2224 2870 G,
2299 2793 2401 2874 25,
2448 2794 2533 2860 22

283 2900 621 2979 fallacium
651 2936 734 2949 -
771 2900 1146 2986 (fiymeutafl
1212 2898 1480 2982 fallatia
1535 2899 1620 2976 G,
1696 2900 1798 2982 27,
1846 2900 1930 2964 24
1993 2899 2161 2963 inter
2220 2896 2397 2975 illud,
2458 2896 2535 2961 de

285 3020 402 3085 quo
443 3003 638 3083 facta,
683 3007 743 3067 et
782 3001 965 3083 illud,
1014 3024 1057 3066 a
1085 3023 1205 3084 quo
1247 3003 1425 3085 facta
1469 3006 1574 3085 est,
1622 3000 1854 3089 media]
1902 3002 2069 3065 iuter
2110 3000 2221 3065 hoc
2264 3002 2325 3064 et
2364 2999 2533 3065 illud

286 3107 360 3171 de
401 3126 522 3188 quo
565 3106 740 3187 facta
785 3110 873 3171 est
912 3106 1128 3171 media
1169 3105 1241 3187 G,
1312 3106 1414 3183 29,
1469 3106 1549 3170 10
1596 3103 1756 3192 aiat]
1804 3105 1980 3171 dicat
2021 3102 2093 3183 G,
2140 3104 2245 3181 29,
2291 3104 2376 3167 20
2418 3122 2531 3167 nec

287 3210 450 3293 eum]
495 3212 555 3274 et
595 3230 735 3274 eum
772 3228 904 3275 uon
947 3208 1020 3289 G,
1066 3211 1170 3288 30,
1200 3210 1245 3275 4
1285 3210 1440 3274 deus
1481 3210 1621 3274 add.
1655 3208 1729 3289 G,
1776 3210 1879 3288 30,
1912 3208 1996 3273 25
2038 3202 2527 3291 sempiternitas]

289 3313 674 3392 sempiterna
742 3312 1004 3377 tminitas
1071 3310 1156 3391 G,
1239 3312 1354 3397 32,
1417 3312 1457 3375 2
1515 3312 1619 3395 sit]
1692 3314 1786 3377 est
1840 3312 1929 3391 G,
2006 3310 2124 3390 33,
2186 3310 2225 3374 8
2282 3307 2389 3373 illi
2446 3345 2531 3357 —-

289 3409 642 3500 (arbitror)]
689 3414 876 3480 illum
925 3414 998 3498 G,
1057 3416 1162 3491 33,
1206 3416 1292 3481 20
1336 3413 1430 3503 tu]
1478 3419 1607 3479 tute
1648 3414 1705 3481 G
1751 3419 1814 3479 et
1858 3414 1981 3480 alia
2021 3412 2353 3498 permulta.
2420 3413 2527 3479 sed

286 3518 438 3583 haec
481 3517 820 3593 sufficiant,
869 3519 1089 3601 quibus
1126 3520 1446 3585 librarium
1477 3518 1885 3584 audacissime
1916 3518 2019 3582 uel
2048 3516 2535 3581 constructiones

286 3622 544 3686 rariores
600 3623 965 3687 immutasse
1024 3620 1128 3684 uel
1187 3622 1378 3685 etiam
1445 3622 1709 3686 rariores
1772 3620 2203 3685 declinationis
2260 3623 2323 3683 et
2383 3637 2530 3683 con-

285 3722 624 3807 iugationis
669 3723 904 3788 formas
955 3725 1050 3803 (ut
1094 3723 1217 3789 abl.
1265 3724 1428 3807 sing.
1473 3724 1603 3805 qui,
1650 3722 1729 3787 cf.
1770 3722 1919 3800 134,
1968 3722 2067 3799 14,
2115 3725 2241 3785 tute
2282 3739 2391 3803 pro
2437 3724 2527 3796 tu,

287 3827 328 3893 2
372 3827 530 3909 sing.
576 3844 736 3909 pass.
781 3827 851 3891 in
882 3862 963 3874 —
994 3845 1062 3891 re
1105 3842 1215 3908 pro
1248 3864 1327 3873 —
1359 3825 1472 3904 ris,
1519 3825 1600 3889 cf.
1647 3824 1750 3903 86,
1799 3822 1901 3891 19.
1951 3825 2089 3902 158,
2138 3826 2197 3889 3.
2258 3824 2397 3904 175,
2448 3825 2525 3887 11

287 3931 430 4010 etc.)
488 3929 834 3994 inculcasse
895 3929 997 3995 uel
1059 3928 1516 3993 sententiarum
1583 3927 1842 3993 conexui
1908 3946 1981 3992 ex
2044 3945 2155 3993 sua
2217 3925 2529 3993 sententia

287 4031 538 4096 turbato
585 4029 957 4097 succurrisse
1001 4032 1479 4095 demonstretur.

371 4152 548 4217 Inter
606 4153 842 4218 codices
883 4152 1172 4217 meliores
1232 4151 1491 4216 tertium
1549 4153 1756 4217 locum
1798 4151 2037 4217 obtinet
2080 4148 2163 4215 E⁹
2203 4150 2307 4213 uel
2351 4148 2527 4229 liber,

286 4274 358 4319 ex
402 4274 520 4338 quo
565 4255 616 4319 E
661 4256 950 4338 plurimis
1009 4254 1165 4319 locis
1218 4258 1524 4320 correctus
1567 4263 1682 4320 est.
1757 4274 2011 4319 manum
2060 4258 2225 4319 enim
2268 4256 2530 4320 alteram

287 4359 514 4424 codicis
559 4359 610 4423 E
655 4363 850 4425 altero
892 4358 1056 4424 libro
1087 4359 1508 4441 manuscripto
1539 4378 1714 4425 usam
1746 4376 1879 4424 esse
1908 4357 1987 4422 iis
2018 4357 2170 4423 locis
2204 4356 2527 4435 euincitur,
