3175 5050
2494 433 2635 480 XLV

461 601 731 666 Restant
787 602 969 684 pauci
1029 599 1186 684 loci,
1247 600 1472 682 quibus
1541 599 1953 683 archetypum
2010 600 2379 666 mendosum
2448 601 2639 668 fuisse

377 703 670 770 arbitrati
765 705 842 770 ab
949 702 1228 769 omnium
1314 705 1421 770 1101
1507 705 1887 787 optimorum
1971 705 2251 771 codicum
2337 707 2641 789 scriptura

378 807 761 891 1000881111118,
808 827 925 874 nec
968 808 1181 874 tamen
1225 807 1430 873 ullum
1472 809 1775 874 mendum
1819 807 2023 874 inesse
2068 828 2235 875 nunc
2280 809 2456 876 nobis
2498 829 2640 893 per-

379 910 712 977 suasimus.
769 909 876 990 24,
924 912 966 977 6
1010 910 1124 976 hoc
1165 910 1336 976 idem
1377 910 1538 975 mihi
1567 910 1703 975 acsi
1730 910 1985 994 coynita
2014 911 2442 978 necessariam
2470 911 2641 978 altro

376 1014 804 1098 inyerentibus
869 1015 1182 1096 inspicere
1247 1013 1450 1096 plane
1516 1034 1646 1078 non
1712 1013 1941 1081 abnui:
2014 1016 2177 1099 quod
2234 1034 2449 1082 omnes
2492 1015 2643 1082 libri

377 1119 676 1202 praebent
719 1118 1038 1201 coynitam
1093 1118 1437 1200 genuinum
1483 1135 1617 1182 esse
1662 1117 1929 1201 uidetur,
1986 1135 2129 1184 cum
2174 1119 2365 1185 etiam
2410 1119 2510 1196 70,
2562 1119 2645 1183 10

378 1223 444 1290 et
489 1223 632 1302 131,
665 1221 709 1284 4
734 1220 926 1304 facile
961 1218 1396 1303 (facillimam)
1431 1219 1677 1301 factam
1707 1220 2066 1304 reperiatur.
2128 1221 2426 1287 nimirum
2456 1220 2643 1287 Clau·

379 1325 554 1392 diani
619 1324 1007 1408 temporibus
1068 1343 1254 1389 usum
1299 1323 1510 1406 supini
1568 1325 1634 1389 111
1677 1344 1757 1389 -u
1800 1325 1929 1390 iam
1974 1324 2409 1391 oblitteratum
2452 1325 2643 1391 fuisse

378 1429 734 1514 putauerim
794 1427 906 1509 ita,
967 1430 1042 1495 ut
1087 1427 1378 1511 supinum
1423 1429 1489 1493 in
1535 1447 1679 1492 -nm
1724 1427 1858 1494 01118
1905 1428 2043 1494 uice
2090 1427 2512 1494 adhiberetur.
2560 1463 2642 1476 -—

381 1534 486 1613 32,
536 1531 618 1598 15
659 1531 808 1597 uide
851 1551 930 1596 ne
973 1531 1257 1614 forsitan
1293 1531 1410 1596 iste
1437 1530 1544 1610 sit,
1588 1549 1771 1612 quem
1810 1529 1993 1596 nobis
2038 1530 2643 1611 adprobandum

381 1657 538 1720 rere,
586 1635 709 1701 alti
742 1634 1098 1718 prolapsus
1142 1633 1380 1698 erroris
1414 1652 1554 1698 cum
1604 1633 1662 1700 G
1706 1633 1948 1718 scripsi,
1993 1633 2131 1698 rell.
2164 1633 2643 1716 opprobandnm

379 1740 698 1822 praebent.
774 1739 972 1805 totius
1017 1737 1400 1820 quaestionis
1446 1740 1628 1803 cardo
1674 1737 1945 1802 uertitur
1985 1736 2055 1802 111
2100 1753 2253 1802 uoce
2294 1735 2646 1818 prolapsus

379 1843 633 1922 erroris,
695 1861 882 1924 quam
945 1841 1184 1924 duplici
1227 1843 1408 1906 modo
1457 1841 1761 1923 explicare
1804 1839 1975 1922 licet,
2035 1840 2131 1904 ita
2172 1839 2247 1904 ut
2290 1839 2401 1905 aut
2442 1838 2643 1921 parti-

381 1946 616 2030 cipium
661 1947 838 2012 uerbi
877 1944 1137 2026 prolabi
1183 1947 1294 2010 aut
1346 1938 1810 2011 substantiuum
1844 1960 2274 2028 agnoscamus.
2337 1960 2409 2007 ac
2450 1941 2645 2024 parti-

381 2049 614 2133 cipium
659 2049 910 2130 quidem
945 2047 1296 2130 prolapsus
1340 2067 1483 2112 cum
1527 2047 1821 2131 genetiuo
1860 2045 2261 2112 coniunctum
2291 2063 2414 2111 non
2444 2046 2643 2130 magis

381 2152 662 2231 offendit,
726 2171 914 2237 quam
964 2155 1064 2232 19,
1113 2153 1154 2217 3
1195 2151 1544 2234 fraudatas
1588 2151 1885 2233 temporis
1926 2153 1985 2214 et
2029 2151 2371 2230 occupatas
2414 2147 2645 2231 animi,

383 2256 491 2321 sed
550 2256 832 2322 exstabat
891 2257 1080 2320 etiam
1139 2255 1611 2321 substantiuum
1664 2253 2032 2334 prolapsae,
2098 2267 2475 2332 quamquam
2522 2271 2645 2317 non

381 2360 615 2444 legitur
653 2362 718 2425 in
752 2358 1074 2443 Georgesii
1103 2357 1300 2423 lexico
1337 2357 1447 2442 (cf.
1483 2355 1795 2440 Pancker,
1840 2353 2244 2438 spicileyinm
2275 2355 2388 2418 etc.
2422 2373 2483 2436 p.
2522 2355 2644 2418 133

381 2464 447 2529 et
510 2461 623 2543 id„
692 2462 768 2527 de
831 2461 1155 2527 latinitate
1219 2459 1603 2544 Hieronymi
1664 2479 1722 2543 p.
1782 2458 1916 2541 25).
1984 2455 2367 2541 significauit
2434 2457 2641 2523 autem

385 2566 764 2633 Claudianus
837 2565 936 2630 his
1007 2564 1216 2630 uerbis
1289 2565 1494 2629 locum
1570 2562 1789 2629 Fausti
1869 2564 2034 2646 (pag.
2115 2559 2213 2643 16,
2286 2559 2427 2642 16):
2498 2558 2647 2624 aide

381 2688 502 2752 qno
559 2670 909 2735 adsertores
963 2686 1108 2733 snos
1165 2668 1356 2733 ducat
1416 2666 1538 2731 alti
1571 2664 1920 2749 prolapsus
1976 2662 2228 2742 erroris,
2273 2661 2383 2728 ubi
2415 2661 2643 2744 prola·

372 2791 540 2855 psas
592 2770 1060 2838 substantiuum
1119 2788 1254 2836 esse
1307 2768 1468 2833 mihi
1513 2768 1767 2852 quidem
1810 2766 1947 2833 11011
1991 2766 2263 2831 similius
2309 2766 2421 2831 est.
2489 2783 2647 2849 quae

383 2876 456 2941 81·
495 2878 664 2941 recte
723 2875 1040 2957 disputata
1100 2877 1266 2952 sunt,
1343 2872 1535 2939 etiam
1597 2870 1924 2937 Claudiani
1982 2870 2118 2935 1000
2176 2869 2646 2935 substantiuum

383 2980 621 3045 exstare
688 2978 1002 3043 euincitur
1063 2978 1126 3042 et
1193 2974 1472 3041 codicum
1538 2973 1727 3039 lectio
1798 2973 1997 3039 teneri
2038 2977 2283 3057 ·potest,
2354 2991 2497 3038 cum
2564 2972 2650 3037 sit

383 3080 693 3147 enuntiati
754 3098 1005 3147 sensus:
1063 3070 1232 3144 ‘uide
1286 3096 1363 3143 ne
1407 3078 1527 3143 iste
1578 3080 1687 3160 (=
1718 3076 1906 3155 istud,
1957 3076 2120 3161 quod
2165 3080 2235 3141 tu
2282 3077 2419 3158 ipse⁸
2459 3075 2641 3158 dicis)

383 3184 468 3251 sit
533 3183 647 3249 alti
712 3184 1034 3266 prolapsus
1101 3180 1326 3247 erroris
1379 3184 1487 3265 (=
1519 3182 1685 3246 altus
1731 3198 1918 3259 error,
1982 3180 2060 3245 cf.
2111 3180 2254 3263 122,
2300 3180 2383 3244 22
2429 3178 2647 3260 lapsas

371 3306 688 3369 praeceps
716 3286 1078 3369 stultitiae),
1113 3304 1299 3369 quem
1328 3284 1508 3350 nobis
1539 3285 2007 3369 opprobandum
2038 3282 2213 3349 rere.³
2242 3282 2408 3348 male
2437 3285 2648 3347 autem

385 3394 648 3473 egerunt
707 3388 974 3454 editores
1019 3385 1495 3469 approbandum
1553 3386 1620 3451 in
1664 3385 2178 3468 opprobrandum
2221 3385 2648 3469 immutanteS,

385 3509 530 3557 nam
559 3510 682 3557 11011
713 3490 913 3573 uideo,
960 3509 1067 3555 cur
1103 3490 1369 3555 uerbum
1399 3488 1747 3571 opprobare
1777 3488 1885 3573 (=
1918 3486 2305 3571 improbare)
2338 3488 2648 3553 exstitisse

386 3612 700 3677 negemus.
730 3630 816 3641 -·-
845 3593 950 3675 40,
993 3594 1072 3659 16
1117 3612 1274 3657 nami
1315 3591 1472 3669 illic,
1517 3591 1629 3655 abi
1670 3591 1746 3655 de
1792 3591 2102 3656 creatione
2146 3589 2424 3655 hominis
2455 3590 2647 3673 Moy-

385 3716 482 3761 ses
527 3695 825 3780 loqaitar,
882 3696 978 3761 sic
1021 3696 1148 3762 ait.-
1192 3700 1249 3759 ct
1291 3695 1459 3760 dixit
1501 3694 1656 3759 cleas
1708 3693 1828 3760 etc.
1898 3694 2121 3777 quodsi
2186 3692 2337 3758 libri
2402 3693 2649 3777 praeter

392 3798 766 3882 DG(B²O⁹)
828 3818 1040 3865 omnes
1099 3798 1318 3882 Moysi
1376 3798 1693 3881 praebent,
1771 3815 1893 3863 non
1954 3798 2122 3863 casui
2181 3796 2245 3861 id
2302 3794 2647 3879 tribuerim,

387 3922 576 3985 quam
645 3904 722 3969 ob
787 3922 919 3967 rem
976 3902 1184 3983 potius
1241 3901 1623 3984 explicanda,
1694 3919 1881 3985 quam
1926 3896 2313 3966 emendanda
2357 3900 2453 3963 est
2499 3898 2652 3964 haec

387 4006 592 4071 lectio.
670 4024 742 4071 ac
807 4005 1234 4071 nominatiuus
1308 4006 1580 4088 Moyses,
1657 4006 1713 4069 si
1788 4002 2060 4069 traditus
2136 4002 2299 4067 esset
2365 4001 2649 4067 omnibus

389 4108 584 4192 libris,
645 4109 887 4175 nullam
935 4110 1332 4176 offensionem
1393 4109 1670 4193 haberet,
1732 4107 2025 4191 quoniam
2072 4108 2351 4191 sequitur
2395 4106 2567 4172 locus
2612 4128 2646 4173 e

387 4211 694 4297 principio
759 4230 1054 4297 geneseos
1122 4212 1541 4297 depromptus
1624 4214 1730 4279 sed
1800 4213 1992 4278 etiam
2062 4211 2315 4277 datiuus
2381 4211 2649 4277 traditus

391 4314 610 4399 Moysi
653 4315 914 4381 tolerari
957 4316 1183 4399 potest,
1232 4316 1562 4383 dummodo
1607 4316 1760 4381 dens
1789 4314 2143 4381 subiectum
2174 4311 2486 4381 enuntiati
2516 4332 2645 4379 esse
