3175 5050
1065 420 1174 491 'De
1210 436 1400 490 statu
1437 436 1702 489 animae
1741 433 1772 489 I
1809 433 1889 489 17.
2537 434 2623 501 63

357 630 542 709 atque
585 626 655 692 in
703 625 989 692 ossibus?
1034 628 1099 692 et
1143 624 1521 708 ubicumque
1568 624 1844 689 animam
1888 621 2169 689 localiter
2215 642 2349 689 esse
2394 624 2615 706 crediS,

353 730 490 796 illic
543 729 734 796 etiam
791 727 1082 796 localiter
1135 746 1350 812 sapere
1395 728 1461 793 et
1503 727 1793 794 localiter
1836 728 2112 811 cogitare
2170 726 2487 807 fateberis,
2556 729 2622 791 et

354 832 671 915 quoniam,
719 834 774 897 si
810 849 1102 917 corporea
1132 834 1250 911 est,
1297 831 1556 895 eatenus
1601 832 1769 895 inest
1814 830 2075 913 corpori,
2121 829 2215 909 ut,
2259 830 2427 896 sicut
2454 848 2619 913 aqua

354 939 586 1019 utrem,
629 935 870 1000 minore
915 934 1017 1000 sui
1061 937 1241 1017 parte
1285 933 1556 1000 minores
1585 935 1796 1017 partes
1842 932 1976 998 eius
2021 935 2267 1015 inpleat
2296 932 2358 1000 et
2386 935 2621 999 maiore

311 1060 338 1101 ε
355 1037 646 1122 maiores,
692 1039 1040 1105 necessario
1086 1038 1387 1122 sequitur,
1441 1038 1514 1103 ut
1558 1037 1761 1103 maior
1802 1037 1903 1102 illi
1947 1036 2245 1121 cogitatio
2274 1038 2345 1102 in
2373 1042 2620 1121 pectore

353 1141 440 1206 sit
484 1144 548 1206 et
591 1141 797 1207 minor
841 1142 906 1208 in
949 1144 1168 1228 digito.
1229 1146 1416 1225 atque
1461 1142 1552 1207 ita
1599 1142 1855 1223 quotam
1900 1145 2144 1225 partem
2188 1140 2449 1222 quisque
2481 1158 2616 1205 cor-

353 1245 522 1327 poris
566 1244 842 1311 uiuentis
887 1244 1244 1327 absciderit,
1301 1247 1523 1311 totam·
1560 1262 1803 1329 quoque
1845 1248 2091 1327 partem
2135 1244 2382 1309 animae
2427 1261 2621 1327 uege-

353 1346 552 1411 tantis
608 1347 893 1428 abscidit,
961 1368 1034 1414 ac
1085 1369 1196 1434 per
1255 1349 1370 1413 hoc
1427 1367 1551 1414 non
1606 1350 1789 1414 tanta
1844 1348 1965 1413 erit
2021 1348 2091 1413 in
2142 1347 2356 1413 anima
2398 1346 2618 1429 utique

353 1447 552 1513 debili
596 1452 701 1516 uel
745 1451 1064 1535 cogitandi
1106 1456 1206 1516 uis
1235 1452 1338 1517 uel
1367 1450 1649 1533 potentia
1677 1449 2136 1516 reminiscendi.
2198 1466 2405 1514 aerem
2436 1465 2619 1513 nam-

285 1578 338 1619 10
355 1570 494 1635 que,
542 1572 615 1617 ex
644 1572 763 1635 quo
795 1558 906 1619 aut
935 1554 1039 1618 cui
1075 1553 1349 1619 similem
1379 1552 1656 1618 animam
1700 1570 1833 1619 esse
1862 1550 2251 1634 pronuntiaS,
2285 1551 2616 1619 diuiduum

353 1654 808 1739 secabilemque
851 1674 1033 1722 nemo
1081 1655 1352 1727 dubitat.
1428 1674 1578 1721 nam
1622 1655 1691 1720 et
1731 1672 1876 1720 cum
1920 1654 2145 1720 flamus
2190 1655 2257 1719 et
2297 1652 2615 1731 reflamus,

351 1758 694 1840 particulas
752 1760 883 1825 eius
939 1761 1260 1826 haurimus
1317 1760 1381 1825 et
1427 1757 1766 1841 reddimus,
1816 1775 1971 1840 quas
2014 1758 2083 1821 in
2124 1760 2375 1839 pastum
2419 1756 2618 1821 totius

351 1862 624 1942 corporis
670 1880 862 1927 uenae
905 1862 1055 1928 illae
1102 1863 1376 1946 capiunt,
1425 1880 1576 1945 quas
1622 1856 1927 1947 ἀρτηρίας
1963 1859 2186 1927 Graeci
2216 1859 2461 1941 uocant,
2510 1877 2620 1940 per

353 1980 508 2045 quas
561 1962 733 2028 idem
789 1982 893 2029 aer
945 1966 1013 2031 in
1071 1966 1637 2049 temperamentum
1694 1964 1891 2031 trium
1954 1963 2405 2029 elementorum
2472 1961 2617 2045 pul·-

283 2089 337 2131 ιε
354 2082 611 2131 monum
656 2085 898 2149 quoque
964 2067 1273 2135 indefessa
1329 2069 1670 2153 agitatione
1728 2067 2131 2152 dispergitur.
2204 2067 2313 2131 sed
2355 2065 2411 2130 si
2454 2064 2615 2131 hau-

352 2170 484 2233 stus
541 2165 649 2234 aer
702 2170 877 2235 iuxta
932 2172 1309 2237 sententiam
1365 2176 1546 2236 tuam
1608 2172 1687 2236 ad
1734 2171 1977 2236 animae
2021 2168 2296 2252 pertinet
2336 2167 2615 2250 pastum,

353 2269 500 2352 quia
563 2271 809 2337 scilicet
872 2292 970 2338 res
1031 2274 1200 2339 aeria
1258 2274 1703 2339 conuenienter
1762 2273 1953 2338 alitur
2008 2289 2147 2338 aere
2162 2320 2178 2351 ,
2238 2289 2381 2354 ergo
2449 2269 2614 2335 sicut

352 2390 536 2454 supra
580 2372 818 2439 dictum
864 2376 961 2441 est
1003 2396 1146 2442 cum
1189 2395 1440 2460 corpore
1485 2378 1648 2459 quod
1702 2376 1961 2459 uegetat
1990 2375 2211 2456 recipit
2244 2373 2613 2439 sectionem.

351 2473 448 2539 uis
494 2475 660 2541 certe
702 2476 1038 2544 memoriae
1070 2478 1150 2544 ad
1194 2480 1394 2543 totam
1439 2477 1572 2544 sine
1618 2477 1983 2560 quaestione
2012 2477 2287 2560 pertinet
2315 2476 2613 2542 animam.

284 2603 336 2642 so
354 2595 537 2642 omne
593 2595 776 2662 porro
859 2597 1079 2662 corpus
1136 2579 1481 2662 quamlibet
1542 2596 1863 2662 magnum,
1934 2577 2281 2663 quamlibet
2344 2596 2615 2660 paruum

354 2679 554 2746 secari
599 2681 877 2764 profecto
922 2683 1147 2764 potest,
1207 2681 1374 2764 quod
1424 2681 1655 2748 idcirco
1701 2681 1799 2746 illi
1844 2681 2089 2768 accidit,
2137 2681 2285 2765 quia
2327 2680 2617 2763 partibus

353 2784 618 2851 constat.
691 2803 842 2850 nam
898 2783 1202 2869 quidquid
1257 2785 1505 2868 partem
1570 2783 1779 2870 habet,
1836 2787 2047 2866 potest
2110 2785 2328 2868 utique
2396 2783 2615 2862 diuidi,

355 2886 500 2970 quia
541 2905 687 2972 pars
727 2891 936 2972 potest
982 2907 1020 2954 a
1063 2888 1239 2972 parte
1284 2887 1522 2953 diuelli.
1589 2892 1967 2972 quapropter
2010 2887 2067 2954 si
2095 2906 2314 2971 corpus
2350 2889 2443 2954 est
2474 2887 2612 2952 ani-

455 3159 490 3213 2
524 3159 626 3214 illa
659 3161 730 3226 A,
791 3161 946 3216 illam
979 3160 1269 3216 BDEFP
1435 3161 1694 3230 fateueris
1730 3160 1811 3216 131
1992 3159 2028 3212 3
2062 3158 2317 3228 quoniam
2352 3159 2419 3230 si]
2456 3175 2616 3230 quem

352 3295 420 3350 ad
455 3296 673 3351 modum
716 3298 788 3352 M
797 3299 828 3353 b
1035 3298 1195 3368 inest]
1244 3297 1334 3352 ide
1367 3297 1581 3364 ABH1,
1640 3297 1698 3351 id
1734 3299 1818 3351 cst
1862 3296 1932 3362 Ο,
1988 3296 2133 3350 idem
2166 3297 2249 3362 R,
2307 3297 2398 3351 ide
2435 3297 2483 3352 S

352 3379 496 3434 inest
533 3383 757 3452 corpori]
793 3384 854 3436 in
889 3397 1101 3451 corpore
1136 3383 1463 3437 diffunditur
1509 3382 1582 3437 M
1590 3383 1622 3437 b
1826 3381 1863 3435 4
1908 3381 2104 3435 minori
2150 3381 2450 3449 ABHLS,
2510 3383 2615 3436 mi-

351 3501 498 3554 noris
534 3501 592 3556 R
796 3503 832 3556 5
873 3501 956 3570 ut]
994 3505 1049 3556 et
1082 3501 1564 3569 ABDEFHLR,
1622 3475 1678 3556 gt
1724 3501 1789 3571 S,
1848 3503 1913 3554 ut
1956 3503 2012 3554 et
2057 3501 2181 3557 Βοὴ.
2388 3502 2420 3555 7
2468 3503 2617 3572 uegi-

351 3587 525 3639 tantis
561 3587 618 3641 R
805 3588 841 3642 8
875 3587 1144 3642 abscidiat
1177 3588 1233 3640 A
1247 3627 1260 3652 ,
1319 3586 1566 3642 abscidat
1606 3589 1659 3644 G
1835 3589 2091 3673 Qitanta
2126 3587 2176 3643 δ’
2358 3587 2425 3643 10
2460 3587 2613 3642 cuius

350 3688 464 3742 AB
473 3687 777 3744 GHLR¹T
955 3690 1018 3744 11
1057 3688 1272 3744 dubitet
1304 3689 1394 3745 Η*
1575 3694 1633 3746 et
1666 3697 1797 3748 amte
1833 3708 1955 3747 cum
1988 3707 2087 3748 om.
2122 3691 2477 3748 ABDEFS⁸

352 3776 409 3828 et
445 3773 695 3826 reflamus
730 3774 802 3828 M
812 3776 843 3830 b
870 3775 990 3830 Βοὴ.
1003 3816 1016 3840 ,
1076 3791 1249 3830 aerem
1285 3779 1475 3830 flamus
1510 3778 1565 3830 et
1606 3778 1674 3844 G,
1734 3793 1795 3832 ac
1828 3778 2080 3832 reflamus
2113 3778 2229 3833 rell.
2427 3777 2495 3830 13
2530 3792 2613 3831 ar-

349 3860 518 3914 terias
554 3857 754 3927 ELM,
816 3860 1045 3930 artyrias
1080 3861 1505 3928 ABGDOER&
1564 3864 1783 3918 artirias
1818 3865 1933 3920 Fa
2128 3864 2193 3919 17
2231 3879 2383 3918 aerea
2416 3863 2472 3917 B

351 3951 457 4048 tfgll
497 3981 640 4047 (erat
675 3979 799 4050 ego)
832 3980 888 4037 R
1092 3983 1159 4038 19
1203 3984 1384 4038 totum
1417 3984 1475 4040 R
1680 3985 2045 4054 quaestionem
2079 3983 2291 4040 HR²S¹
2495 3986 2614 4040 ani·

350 4081 495 4120 mam
531 4066 798 4134 (animum
821 4067 897 4135 R)
933 4067 1164 4135 pertinet
1199 4069 1330 4123 libri
1356 4075 1586 4140 praeter
1621 4071 1694 4125 Μ
1700 4072 1732 4126 b
1900 4071 1969 4126 21
2006 4071 2211 4126 accedit
2248 4071 2481 4128 ABGH

348 4151 423 4205 23
473 4167 506 4204 a
551 4153 704 4220 parte
759 4168 860 4207 om.
911 4151 965 4206 L
1168 4153 1380 4225 diuelli]
1431 4155 1671 4213 diuidere
1716 4157 1805 4212 illi
1852 4157 1963 4212 AB
1976 4197 1990 4222 ,
2048 4156 2223 4212 diuidi
2266 4157 2611 4214 DEFLPR

352 4237 471 4306 (qui
497 4241 628 4305 post
662 4237 809 4292 hanc
842 4252 1030 4292 uocem
1064 4238 1308 4306 plwrium
1341 4239 1631 4298 literarum
1663 4257 1925 4298 rasuram
1957 4241 2137 4311 habet)
2368 4243 2609 4298 diuidere

351 4371 382 4409 a
417 4357 570 4424 parte
604 4356 691 4411 illi
725 4357 814 4425 H,
873 4357 1116 4412 diuidere
1150 4375 1183 4412 a
1217 4361 1368 4428 parte
1401 4361 1489 4415 illi
1525 4361 1573 4416 S
1765 4364 2165 4435 qullallpropter
2198 4365 2254 4420 R

2769 1825 2807 1899 J
