3175 5050
663 425 786 494 152
1423 421 1796 478 Claudiani
1830 421 2142 476 Mamerti

657 635 726 682 se
786 615 985 699 nouit,
1043 615 1318 680 sentiens
1375 615 1589 680 tamen
1648 632 1775 680 non
1818 614 2025 698 ipsum
2068 633 2135 679 se
2178 632 2313 680 esse
2356 629 2578 696 eorpus
2622 631 2825 678 suum
2872 615 2933 676 et

659 719 751 784 sic
793 737 934 784 oum
983 717 1276 785 eodemne
1321 734 1400 781 an
1445 716 1580 782 sine
1628 716 1841 783 eodem
1882 697 2095 800 iaptus
2138 716 2222 782 sit
2265 715 2555 799 haesitat,
2602 733 2673 780 se
2710 715 2935 798 ipsum

657 827 872 886 tamen
926 824 1181 903 raptum
1233 838 1362 886 esso
1421 838 1546 886 nou
1588 819 1854 886 dubitat.
1926 822 1989 884 et
2034 838 2177 886 oum
2217 819 2379 886 istoo
2421 837 2606 886 omne
2650 819 2936 902 patescit

661 925 1010 1005 obscurum,
1057 943 1280 1008 nempe
1323 924 1398 1004 ie,
1444 925 1550 1009 qui
1585 942 1695 989 seu
1726 942 1870 990 eum
1915 941 2163 1006 corporo
2206 944 2319 990 seu
2361 924 2495 988 sine
2538 941 2811 1007 corpore
2850 923 2934 987 sit

659 1031 875 1109 raptus
917 1027 1193 1093 incertus
1237 1028 1349 1107 est,
1395 1028 1820 1109 incorporeum
1864 1029 2077 1092 tamen
2122 1045 2256 1092 esso
2301 1027 2363 1092 et
2409 1043 2631 1109 eorpus
2686 1025 2933 1090 habere
2971 1050 2991 1086 s

659 1149 726 1196 se
783 1130 986 1196 certus
1041 1130 1156 1210 est,
1203 1129 1351 1213 quia
1405 1131 1457 1196 si
1502 1148 1625 1196 non
1680 1129 1816 1195 sino
1860 1147 2109 1212 corpore
2153 1129 2372 1212 raptus
2418 1131 2535 1208 est,
2582 1132 2645 1194 et
2692 1145 2933 1211 eorpus

664 1252 807 1300 oum
852 1233 965 1302 illo
1009 1237 1256 1316 raptum
1303 1237 1418 1312 est,
1467 1236 1528 1298 et
1573 1251 1697 1298 non
1734 1237 1948 1300 tamen
1991 1233 2107 1299 hoe
2149 1237 2243 1298 est
2284 1233 2418 1316 ipse
2466 1232 2631 1315 quod
2672 1250 2934 1314 eorpus-3,

663 1357 808 1403 oum
849 1355 969 1418 quo
1014 1338 1230 1420 raptus
1276 1338 1392 1402 ost.
1468 1337 1521 1400 si
1565 1335 1699 1402 sine
1744 1354 2011 1419 corpore,
2048 1336 2251 1402 multo
2280 1336 2489 1420 potius
2518 1334 2937 1418 intellegitur

654 1458 776 1505 non
823 1457 957 1505 esse
1006 1457 1248 1523 eorpus,
1296 1442 1459 1523 quod
1501 1439 1711 1524 potest
1762 1458 1894 1506 esso
1938 1441 2072 1506 sino
2116 1457 2386 1524 corpore.
2460 1438 2657 1524 seio,
2690 1439 2938 1522 inquit,

657 1541 1040 1608 hominem
1099 1545 1441 1624 raptum,
1506 1540 1640 1605 sed
1706 1540 1881 1606 siue
1948 1539 2026 1604 in
2082 1556 2401 1622 corpore
2458 1541 2629 1606 siue
2692 1541 2997 1607 extram

654 1661 936 1728 corpus
1000 1644 1296 1723 nescio,
1363 1643 1524 1729 quod
1589 1643 1722 1710 tale
1777 1647 1874 1709 est
1930 1662 2002 1709 ao
2043 1646 2098 1711 si
2156 1645 2422 1711 diceret:
2492 1648 2753 1728 raptum
2830 1664 2939 1710 me

649 1749 800 1825 scin,
860 1750 971 1812 sed
1015 1767 1154 1813 eum
1201 1765 1452 1832 corpore
1493 1766 1574 1813 an
1616 1747 1753 1814 sine
1810 1764 2061 1830 corpore
2104 1749 2333 1814 neseio.
2410 1767 2557 1832 ergo
2602 1747 2731 1812 etsi
2780 1767 2937 1814 cum

655 1871 904 1934 corporo
946 1853 1161 1935 raptus
1209 1871 1294 1930 es,
1340 1850 1479 1936 rapi
1533 1854 1745 1916 tamen
1788 1851 1922 1916 sine
1974 1869 2225 1935 corporo
2267 1851 2550 1935 potuisti.
2616 1851 2933 1936 incorpo-

650 1973 794 2020 reus
850 1955 1046 2039 igitur
1087 1975 1154 2020 es
1199 1956 1396 2022 etiam
1437 1954 1505 2019 in
1549 1973 1817 2038 corpore,
1863 1954 1919 2019 si
1961 1955 2224 2039 potuisti
2279 1955 2417 2040 rapi
2461 1956 2597 2022 sine
2641 1973 2937 2038 corpore,

656 2057 882 2141 quippe
947 2057 1378 2141 incorporeum
1443 2059 1683 2141 corpori
1748 2059 1926 2124 salua
1978 2060 2075 2126 sui
2129 2059 2483 2125 substantia
2542 2059 2937 2126 uiuifieandi
2954 2082 2995 2122 ιε

653 2160 930 2225 eiusdem
975 2179 1160 2226 causa
1225 2161 1542 2242 miscetur,
1616 2163 1690 2226 ut
1754 2162 1966 2228 autem
2026 2181 2247 2246 eorpus
2302 2163 2437 2229 sine
2492 2180 2754 2244 corpore
2822 2167 2933 2240 sit,

654 2264 894 2329 statuta
936 2282 1146 2330 rerum
1188 2264 1324 2348 lege
1376 2283 1500 2332 non
1545 2263 1792 2331 sinitur.

1672 2552 1873 2639 XIII.

650 2745 746 2792 Ex
811 2744 1207 2794 EVANGELIO
1272 2744 1412 2795 1)Εο
1464 2744 1600 2794 PRO
1664 2744 2311 2795 INCOBPORALITATE
2370 2744 2639 2794 mmm
2704 2748 2931 2797 TESTE

1634 2850 1912 2897 V'HTVB.

731 2984 855 3051 Sed
910 2986 1038 3053 iam
1096 3006 1259 3053 nuno
1302 2988 1568 3054 testibus
1626 2990 1805 3073 meis,
1850 2989 2258 3073 praeconibus
2304 2985 2549 3053 scilieet
2594 2987 2928 3067 ueritatiS,

649 3089 730 3154 ad
773 3088 1196 3157 indubitatam
1239 3091 1428 3156 fidem
1472 3090 1710 3158 ueritas
1754 3092 1892 3173 ipsa
1920 3090 2379 3157 testificabitur.
2431 3089 2587 3157 dicit
2618 3090 2689 3155 in
2720 3110 2928 3157 euan-

745 3414 777 3467 1
831 3429 888 3467 se
932 3414 1163 3468 nouit—
1178 3414 1356 3483 ipsum
1403 3430 1458 3468 se
1505 3430 1610 3472 om.
1662 3413 1718 3467 R
1920 3416 1955 3469 2
2000 3416 2077 3470 sio
2125 3416 2201 3470 M
2233 3415 2468 3470 editores
2484 3456 2498 3482 ‚
2558 3417 2607 3469 si
2654 3416 2778 3470 rell.

644 3500 680 3553 3
714 3504 931 3570 raptum
965 3516 1066 3555 om.
1101 3500 1234 3555 libri
1257 3506 1490 3569 praeter
1523 3501 1598 3555 M
1616 3506 1667 3556 et
1691 3498 1812 3556 Sch.
1999 3503 2135 3555 istoc
2168 3502 2456 3569 Bartkius,
2513 3502 2655 3556 istuc
2690 3502 2835 3559 lion·
2874 3508 2926 3558 et

643 3585 882 3641 editores
1058 3587 1095 3640 4
1128 3586 1216 3640 his
1251 3585 1439 3653 ROB,
1500 3590 1584 3641 ost
1622 3588 1675 3643 G·
1858 3602 1950 3641 sou
1984 3592 2120 3642 ante
2154 3587 2269 3641 sine
2304 3603 2405 3643 om.
2450 3588 2498 3643 0
2666 3604 2761 3643 seu
2804 3590 2925 3644 sine

641 3687 861 3741 corpore
894 3687 996 3730 om.
1031 3672 1130 3727 hoc
1163 3672 1278 3727 loeo
1313 3678 1366 3727 et
1396 3673 1596 3728 inserit
1630 3688 1698 3727 an
1734 3673 1851 3727 sino
1885 3690 2103 3743 corpore
2132 3679 2263 3743 post
2295 3674 2483 3743 raptus
2510 3672 2777 3729 Gallam,

639 3758 676 3813 5
699 3760 775 3813 sit
796 3759 854 3815 R
1023 3758 1657 3827 incorporeum—certus
1680 3760 1765 3813 est
1787 3774 1889 3813 om.
1915 3758 2078 3813 HLS
2241 3762 2376 3812 tuno
2400 3759 2456 3813 A
2628 3774 2685 3813 se
2708 3759 2921 3815 habore

642 3842 764 3903 fich.
939 3845 974 3899 6
1009 3845 1103 3913 qui
1137 3843 1428 3899 ABDEF
1447 3843 1566 3899 Βοὴ.
1581 3885 1597 3913 ,
1656 3860 1790 3914 quae
1822 3845 1880 3900 R
2050 3846 2099 3899 si
2132 3860 2239 3900 non
2276 3860 2377 3900 om.
2420 3844 2502 3913 0²,
2562 3845 2681 3899 sino
2720 3845 2779 3901 G‘

639 3933 697 3984 et
735 3931 871 3997 Mb,
924 3946 1022 3985 om.
1070 3930 1186 3985 rell.
1234 3935 1288 3985 et
1333 3929 1454 3985 Sch-
1662 3932 1694 3985 7
1740 3934 1925 4001 raptus
1971 3932 2025 3985 A
2234 3933 2289 3986 et
2330 3932 2405 3986 M
2413 3932 2474 3995 b,
2534 3948 2639 3987 om.
2686 3932 2815 3987 rell.
2870 3937 2923 3987 et

642 4016 763 4073 δ’ὡ-
967 4020 1004 4073 8
1048 4017 1236 4085 raptus
1281 4016 1414 4071 ΒΜ
1417 4016 1475 4084 b,
1535 4019 1752 4085 raptum
1796 4018 1917 4074 rell.
1966 4022 2020 4074 et
2061 4016 2181 4073 boh.
2389 4017 2491 4085 est]
2540 4032 2733 4086 eorpus
2780 4018 2921 4075 aaa

639 4101 774 4157 libri
797 4108 1029 4171 praeter
1060 4103 1137 4157 M
1165 4108 1218 4157 et
1253 4100 1374 4159 Solu.
1581 4104 1631 4156 si
1665 4118 1768 4160 om,
1802 4104 1918 4159 Mb
2129 4104 2195 4158 12
2240 4104 2381 4172 oum]
2420 4105 2536 4157 siue
2568 4104 2629 4157 in
2662 4102 2777 4159 Mb

639 4189 1030 4258 an—oorporo]
1067 4190 1181 4243 siue
1217 4191 1368 4244 extra
1401 4204 1590 4258 eorpus
1636 4189 1741 4244 Mb
1948 4190 2017 4243 13
2066 4192 2153 4243 ost
2197 4193 2267 4258 p²
2472 4188 2657 4258 potuit
2702 4190 2773 4257 p*

639 4276 706 4330 16
743 4292 958 4332 eausam
1001 4276 1248 4331 0HL¹S¹
1419 4277 1670 4332 miscitur
1705 4276 2129 4334 BGG¹HLRS¹
2313 4276 2377 4331 17
2414 4268 2625 4331 simtu·
2658 4276 2775 4331 ΑΒ

637 4365 705 4419 21
744 4363 968 4420 ueritati
1002 4361 1284 4418 ABHLR
1490 4362 1559 4418 22
1596 4362 1664 4417 ad
1699 4378 1800 4419 om.
1827 4366 1899 4432 ρ’
2103 4362 2420 4431 euuangelio
2458 4360 2505 4416 S

3106 2280 3108 2310 I
