3175 5050
541 463 692 510 XXII

549 633 623 710 si,
681 631 1054 712 quantulum
1110 630 1358 696 differat
1417 629 1748 696 amittendi
1811 648 1931 696 uox
1968 648 2015 696 a
2074 629 2433 696 dimittendi
2479 629 2688 715 derbe,
2733 631 2799 696 et

547 734 954 800 conclusionis
985 734 1407 800 antecedentis
1437 753 1546 798 nec
1579 733 1919 812 amittitur,
1953 733 2118 814 quod
2146 751 2274 796 non
2305 735 2545 797 tenetur
2574 734 2798 798 simili-

544 836 760 902 tudine
803 837 1134 903 librarium
1178 857 1299 902 non
1343 839 1498 902 satis
1543 839 1857 902 attentum
1904 836 2233 919 deceptum
2276 853 2409 900 esse
2447 836 2797 901 considera-

542 959 703 1004 muS.
736 977 820 987 —
851 941 954 1024 73,
1007 942 1088 1006 10
1130 940 1448 1006 elementis
1491 959 1653 1022 quae
1695 939 2003 1002 moderate
2045 938 2395 1019 musiceque
2436 939 2513 1002 in
2555 939 2799 1004 arboris

539 1043 682 1106 uita
753 1044 844 1124 (M
857 1045 932 1119 R,
987 1043 1194 1106 uitam
1238 1042 1396 1126 rell.)
1456 1043 1582 1106 sibi
1632 1041 2003 1106 concinunt:
2062 1040 2399 1106 lectionem
2454 1041 2683 1106 codicis
2728 1039 2796 1104 M

541 1145 874 1210 accedente
933 1145 1081 1209 libri
1125 1145 1181 1210 R
1225 1145 1586 1211 testimonio
1646 1145 1799 1210 satis
1856 1144 2170 1208 firmatam
2216 1163 2347 1208 esse
2392 1143 2797 1222 crederemus,

539 1248 661 1312 nisi
706 1249 777 1311 ut
806 1247 1188 1329 reliquorum
1223 1249 1526 1313 librorum
1557 1248 1885 1312 lectionem
1916 1264 2326 1327 sequeremur,
2358 1246 2517 1310 alter
2548 1244 2795 1310 Claudi-

486 1391 490 1394 -
542 1352 645 1416 ani
689 1352 861 1416 locus
909 1351 1196 1414 suaderet
1245 1351 1388 1426 180,
1423 1352 1464 1415 4
1482 1369 1609 1431 pro
1638 1349 2094 1426 elementorum,
2128 1368 2288 1429 quae
2314 1347 2439 1412 sibi
2465 1349 2553 1412 in
2580 1347 2795 1412 illud

541 1454 1016 1532 concinuerant,
1059 1453 1447 1520 diuersitate.
1481 1489 1563 1501 —
1599 1452 1823 1534 7315
1868 1456 2109 1516 constat
2152 1470 2393 1516 omnem
2434 1453 2644 1515 uitam
2686 1472 2798 1518 nec

541 1555 834 1620 localiter
877 1556 1196 1620 abscedere
1241 1577 1284 1620 a
1329 1577 1576 1638 corpore
1633 1605 1648 1621 .
1676 1608 1695 1624 .
1746 1575 1859 1620 nec
1904 1554 2188 1619 localiter
2233 1555 2481 1636 corpori
2544 1555 2665 1637 (M,
2712 1553 2799 1618 ad

539 1711 764 1774 corpus
808 1691 892 1772 G,
953 1693 1120 1774 corp'
1162 1693 1247 1771 R,
1308 1711 1530 1773 corpus
1575 1693 1739 1774 rell.)
1788 1691 2108 1756 accedere.
2172 1691 2499 1757 lectionem
2550 1711 2794 1772 corpus,

538 1815 726 1879 quam
781 1815 922 1860 cum
979 1815 1101 1861 non
1155 1796 1597 1880 intellegerent
1654 1795 1709 1859 G
1773 1797 1840 1860 in
1899 1797 1987 1859 ad
2042 1814 2286 1876 corpu8‚
2353 1793 2439 1859 ΒΡ
2485 1797 2543 1858 et
2603 1794 2674 1857 M
2729 1796 2794 1860 in

537 1899 786 1980 corpori
851 1901 1270 1982 mutauerant,
1333 1900 1672 1982 genuinam
1744 1919 1877 1964 esse
1950 1899 2019 1961 hi
2086 1899 2308 1963 docent
2366 1897 2503 1980 loci,
2570 1897 2795 1980 quibus

539 2001 823 2066 accedere
884 2020 1026 2066 cum
1094 2002 1450 2066 accusatiuo
1521 2002 1917 2066 coniunctum
1986 2002 2319 2082 reperitur:
2394 2000 2499 2079 24,
2565 2002 2645 2064 14
2687 1999 2799 2064 ubi

539 2105 854 2186 reliquum
926 2103 1207 2167 lectionis
1278 2105 1525 2184 accessi,
1621 2105 1764 2182 170,
1838 2106 1913 2168 11
1983 2102 2116 2168 loca
2181 2103 2596 2167 beatitudinis
2666 2123 2803 2168 non

541 2209 830 2293 accessit,
911 2208 1052 2285 180,
1123 2208 1165 2272 5
1231 2207 1488 2271 animus
1551 2227 1685 2272 non
1754 2207 1996 2272 accedit
2056 2207 2347 2288 inferna,
2417 2210 2480 2270 et
2544 2207 2598 2271 si
2666 2227 2796 2272 om-

539 2311 684 2375 nino
752 2311 1092 2374 mutatione
1159 2327 1309 2392 opus
1369 2313 1550 2388 esset,
1621 2309 1847 2374 codicis
1914 2309 1970 2375 G
2040 2309 2353 2391 scriptura
2415 2309 2503 2372 ad
2568 2328 2799 2390 corpus

539 2414 942 2496 praeferenda
1001 2416 1185 2493 esset,
1243 2432 1383 2478 cum
1442 2413 1692 2495 legatur
1751 2413 1943 2478 etiam
1999 2413 2142 2492 154,
2194 2415 2273 2477 13
2317 2431 2659 2493 rursusque
2705 2411 2793 2477 ad

540 2537 762 2599 corpus
807 2517 1154 2584 accesserit.
1207 2546 1277 2570 ..-
1334 2517 1434 2601 76,
1487 2518 1566 2583 15
1610 2536 1767 2581 num
1821 2516 2062 2597 aliquis
2108 2515 2461 2581 cantilenae
2486 2566 2501 2582 .
2530 2569 2544 2583 .
2603 2536 2801 2582 canor

536 2621 674 2685 illic
729 2621 989 2685 insonat
1031 2625 1147 2685 aut
1189 2621 1616 2685 euanescentis
1666 2619 2061 2703 fraylantiae
2117 2620 2412 2684 suauitas
2456 2618 2637 2684 halat
2681 2624 2799 2684 aut

536 2724 791 2805 aliquid
843 2723 986 2787 istic
1031 2723 1468 2805 corpulentum
1510 2724 1688 2804 sapit
1740 2728 1854 2788 aut
1898 2722 2149 2805 aliquid
2190 2722 2370 2789 molle
2412 2722 2515 2787 uel
2559 2724 2795 2788 durum

537 2824 818 2890 localiter
881 2827 1140 2908 tanyit?
1203 2825 1316 2908 (Μ,
1365 2826 1654 2907 tanyitur
1698 2827 1893 2909 rell.):
1965 2846 2106 2891 cum
2170 2827 2437 2892 formam
2504 2828 2793 2905 actiuam‚

540 2930 766 3012 quippe
832 2948 987 3011 quae
1053 2928 1231 2993 nobis
1289 2946 1326 2991 a
1385 2930 1686 3011 scriptore
1744 2932 1998 3011 propter
2052 2930 2292 3011 reliqua
2345 2932 2531 2994 uerba
2588 2930 2795 2995 actiua

537 3032 824 3110 insonat,
882 3030 1098 3109 halat,
1164 3032 1335 3112 sapit
1397 3030 1684 3095 adhibita
1752 3051 1882 3096 esse
1950 3032 2297 3110 uideretur,
2369 3033 2792 3111 scriberemuS‚

539 3120 892 3200 subiectum
937 3134 1284 3198 intellectus
1327 3138 1538 3198 mente
1583 3134 1998 3217 supplendum
2058 3136 2163 3199 uel
2220 3134 2413 3200 etiam
2473 3154 2544 3199 ex
2602 3135 2793 3199 molle

539 3237 913 3303 eliciendum
977 3256 1108 3302 esse
1176 3236 1403 3323 mo<lle
1447 3236 1589 3323 &lle
1647 3238 2067 3319 opinabamur.
2144 3240 2249 3303 sed
2317 3238 2444 3303 iam
2498 3240 2794 3321 tanqitur

540 3341 936 3407 scribendum
981 3359 1113 3406 esse
1159 3340 1414 3405 confido.
1461 3376 1546 3388 -
1590 3341 1693 3419 79,
1743 3341 1823 3404 16
1871 3340 2135 3405 eandem
2180 3342 2399 3423 scripsi
2445 3361 2585 3407 cum
2632 3343 2699 3406 M
2730 3346 2795 3405 et

543 3444 796 3510 Schotto
863 3461 972 3525 pro
1038 3443 1306 3508 eundem
1362 3447 1638 3526 respecto
1699 3444 2019 3509 enuntiato
2074 3446 2478 3525 praecedente
2542 3445 2654 3509 lin.
2712 3446 2799 3510 10

549 3550 822 3630 (corpus)
873 3548 1194 3629 adyrauat
1236 3546 1530 3610 animam
1573 3547 1935 3629 occupando
1980 3566 2139 3623 eam,
2188 3548 2295 3611 sed
2339 3566 2481 3612 cum
2526 3546 2593 3611 in
2634 3547 2792 3631 ipsc,

543 3652 617 3715 de
683 3669 803 3733 quo
849 3652 1114 3735 agimus,
1167 3650 1492 3714 enuntiato
1547 3652 1747 3715 exstet
1805 3650 2061 3714 animus
2114 3654 2477 3731 occupatur,
2536 3656 2791 3735 propter

539 3755 848 3821 adiectam
881 3755 1227 3837 pronomini
1259 3737 1568 3837 syllabam
1600 3790 1685 3801 —
1714 3754 1855 3818 dem
1884 3756 1951 3817 in
1982 3756 2243 3819 eundern
2280 3755 2789 3837 acquiescendum

543 3863 656 3924 est.
709 3896 780 3909 -
819 3861 921 3938 94,
971 3858 1050 3923 19
1086 3855 1369 3937 loquitur
1412 3856 1584 3921 enim
1627 3856 1879 3921 silentio
1910 3857 2023 3941 (M,
2060 3857 2137 3920 in
2165 3856 2417 3921 silentio
2446 3860 2601 3935 rell.)
2630 3855 2796 3920 mihi

540 3961 817 4027 ueritas.-
880 3960 955 4024 in
1018 3960 1152 4026 siue
1217 3962 1360 4042 post
1417 3960 1852 4043 compendium
1912 3962 2329 4026 antecedentis
2386 3963 2555 4026 uocis
2621 3962 2793 4025 enim

429 4114 433 4119 .
541 4064 879 4145 intercidit,
925 4065 1060 4128 siue
1105 4063 1382 4128 consulto
1429 4082 1466 4127 a
1508 4062 1771 4127 librario
1804 4063 2031 4127 codicis
2060 4063 2132 4127 M
2164 4065 2465 4130 omissum
2496 4065 2611 4143 est,
2643 4081 2791 4127 con-

541 4167 830 4232 firmatur
873 4166 1068 4231 simili
1111 4164 1323 4248 phrasi
1365 4165 1438 4228 in
1481 4166 1765 4243 ueritate,
1815 4184 1938 4248 qua
1994 4168 2195 4232 utitur
2229 4166 2601 4233 Claudianus
2647 4166 2791 4248 113,

544 4271 645 4335 14.
697 4269 839 4345 177,
885 4269 944 4334 6.
993 4306 1075 4321 --
1119 4268 1533 4334 difficillimus
1578 4270 1747 4335 locus
1802 4272 1895 4333 est
1941 4269 2042 4349 95,
2107 4272 2187 4337 16
2229 4273 2401 4336 intro
2446 4273 2688 4354 inspice
2732 4274 2794 4335 te

541 4373 616 4437 de
674 4376 730 4436 te
772 4372 938 4453 ipsa,
985 4393 1018 4437 o
1064 4371 1354 4437 humana
1415 4372 1658 4452 anima,
1705 4376 1761 4436 et
1805 4376 1861 4437 te
1912 4377 1995 4457 (te
2036 4393 2156 4440 om.
2203 4375 2353 4440 libri
2399 4380 2645 4456 praeter
2686 4376 2781 4459 M)
