3175 5050
958 441 1050 494 De
1085 441 1276 496 statu
1313 441 1577 496 animae
1614 442 1944 513 epilogus·
2461 449 2585 517 195

333 631 635 712 quaedam
680 629 1015 714 intellego:
1072 629 1189 695 hoc
1235 629 1400 695 enim
1444 630 1520 694 de
1574 632 1908 714 prudentia
1953 635 2013 699 et
2057 635 2477 720 temperantia
2519 641 2585 704 et

331 731 704 798 fortitudine
763 732 1046 810 dixerim,
1117 732 1264 814 quia
1321 727 1534 816 potest
1587 753 1718 799 esse
1777 736 2047 816 animuS,
2108 738 2180 802 ut
2223 739 2584 807 nullatenus

335 837 422 900 sit
477 836 822 901 uirtutibus
876 835 1217 919 praeditus,
1273 836 1382 901 sed
1439 835 1493 900 si
1541 854 1642 900 eas
1688 855 1810 902 non
1855 839 2161 914 habuerit,
2210 857 2585 925 consequens

331 944 444 1020 est,
491 945 563 1006 ut
607 941 835 1006 uitium
879 939 1130 1007 habeat.
1195 939 1534 1022 conligitur
1580 939 1749 1005 enim
1793 941 2147 1008 subiectum
2178 962 2421 1028 semper
2450 965 2587 1016 esse

286 1044 613 1110 sanimum
657 1048 766 1109 aut
810 1043 988 1108 uitiis
1035 1048 1146 1110 aut
1201 1044 1567 1122 uirtutibus,
1628 1046 1981 1112 subiectum
2034 1067 2177 1113 eum
2235 1067 2366 1115 esse
2423 1051 2589 1116 sicut

331 1146 600 1212 diximus
653 1147 1016 1230 disciplinis,
1087 1165 1241 1230 quae
1295 1147 1431 1212 sine
1495 1166 1564 1212 eo
1626 1165 1759 1214 esse
1826 1169 1948 1216 non
2014 1155 2292 1233 possunt.
2366 1168 2588 1219 uerum

328 1251 496 1316 enim
568 1251 729 1316 ratio
795 1251 1040 1316 numeri
1106 1251 1434 1333 disciplina
1491 1252 1611 1317 est.
1687 1271 2027 1336 numquam
2094 1256 2262 1320 enim
2328 1257 2448 1322 erit
2512 1258 2589 1323 ut

330 1355 626 1438 quattuor
681 1355 744 1419 et
800 1355 920 1420 duo
973 1356 1216 1437 septem
1265 1354 1503 1420 faciant
1544 1357 1657 1423 aut
1702 1359 1943 1439 septem
1990 1363 2052 1423 et
2095 1361 2225 1424 tres
2271 1359 2583 1425 undecim.

329 1457 620 1523 similiter
663 1459 728 1522 et
768 1457 968 1541 figura
998 1457 1219 1522 circuli
1246 1475 1370 1523 non
1399 1459 1619 1541 recipit
1651 1460 2176 1546 contrarietatem.
2244 1479 2586 1547 numquam

261 1588 311 1628 ιο
329 1561 447 1626 erit
509 1561 584 1625 ut
647 1559 846 1645 figura
913 1562 1131 1627 circuli
1199 1581 1272 1628 ex
1339 1564 1577 1629 duabus
1654 1565 1764 1629 aut
1819 1565 2018 1630 tribus
2082 1565 2269 1631 lineis
2312 1565 2427 1632 fiat
2472 1569 2587 1632 aut

329 1666 708 1749 quadrigona
763 1683 836 1730 ex
893 1666 1096 1732 tribus
1146 1668 1259 1732 aut
1301 1667 1546 1750 trigona
1589 1685 1662 1732 ex
1706 1669 2021 1749 quattuor.
2097 1668 2152 1734 si
2196 1667 2365 1733 enim
2410 1666 2585 1734 addi-

331 1769 496 1835 deris
551 1769 657 1836 uel
710 1770 1010 1834 minueris
1067 1769 1324 1852 aliquid,
1383 1771 1510 1835 iam
1566 1789 1682 1835 nec
1738 1770 1985 1855 trigona
2039 1789 2154 1838 nec
2201 1771 2588 1856 quadrigona

331 1871 471 1950 erit,
530 1877 744 1937 manet
789 1875 954 1938 enim
1009 1873 1262 1938 aeterna
1307 1872 1372 1938 et
1422 1871 1977 1940 incommutabilis.
2044 1872 2270 1940 harum
2315 1875 2587 1941 rationes

333 1975 808 2058 disciplinarum
861 1976 926 2040 et
970 1975 1036 2040 in
1092 1974 1373 2041 subiecto
1431 1980 1576 2040 sunt
1634 1976 1841 2041 animo
1888 1977 1952 2040 et
1996 1977 2130 2042 sine
2176 1997 2246 2043 eo
2292 1995 2421 2044 esse
2464 1998 2587 2044 non
2688 1983 2691 1986 ’

263 2103 314 2143 15
330 2079 610 2162 possunt.
664 2079 1001 2161 conligitur
1049 2080 1371 2144 aeternum
1424 2097 1559 2144 esse
1604 2079 1763 2145 illud
1809 2081 1878 2144 in
1924 2098 2043 2163 quo
2076 2082 2187 2160 est,
2236 2080 2398 2146 sicut
2426 2081 2587 2147 illud

331 2183 494 2264 quod
549 2183 614 2246 in
658 2201 730 2248 eo
774 2187 887 2248 est.
962 2201 1108 2266 ergo
1164 2182 1518 2248 inmortalis
1573 2186 1671 2247 est
1718 2183 1930 2248 anima
1980 2185 2043 2247 et
2097 2183 2163 2249 id
2220 2184 2383 2265 quod
2426 2185 2588 2249 uiuit

333 2287 457 2352 scit
501 2304 744 2369 semper
788 2287 855 2350 et
887 2284 1104 2350 cernit.
1172 2286 1279 2350 sed
1324 2304 1446 2350 non
1491 2303 1735 2367 semper
1778 2287 1892 2350 hoc
1939 2287 2195 2372 cogitat,
2253 2287 2401 2368 quia
2446 2305 2587 2352 cum

332 2390 453 2455 scit
501 2407 720 2454 secura
772 2390 848 2454 de
891 2407 974 2466 se,
1030 2390 1192 2470 quod
1251 2389 1507 2453 amittat
1563 2407 1630 2452 se
1686 2389 1753 2452 in
1802 2389 2023 2454 multis
2082 2389 2584 2474 cogitationibuS,

331 2492 630 2577 distendit
685 2509 751 2556 se
805 2509 876 2557 ac
931 2492 988 2557 si
1041 2511 1151 2575 per
1207 2492 1471 2575 tempuS‚
1530 2510 1655 2558 non
1708 2510 1817 2576 per
1876 2492 2083 2558 locum
2150 2494 2323 2558 mota
2380 2497 2590 2558 mouet

265 2620 318 2660 20
335 2600 545 2661 tamen
611 2596 675 2661 et
740 2612 960 2678 corpus
1024 2614 1136 2677 per
1199 2599 1444 2680 tempus
1505 2597 1567 2661 et
1633 2597 1861 2675 locum,
1930 2595 2172 2662 scilicet
2236 2596 2470 2661 iudicat
2528 2597 2593 2661 et

333 2698 662 2764 iudicatur.

421 2818 580 2883 Vide
653 2835 798 2900 ergo
884 2816 1094 2883 anima
1165 2817 1438 2882 humana
1521 2836 1707 2900 quam
1790 2834 2090 2902 magnum
2176 2820 2408 2885 bonum
2482 2818 2590 2897 sis,

335 2925 484 2989 dum
543 2924 618 2987 de
663 2922 1016 3004 corporibus
1071 2920 1338 3000 iudicas,
1397 2924 1548 2988 dum
1594 2924 1659 2985 et
1705 2922 1935 2987 rationi
1980 2920 2389 3006 coniungeris‚
2437 2925 2590 2988 dum

336 3029 623 3092 aeternae
666 3026 953 3091 ueritatis
995 3024 1070 3087 fis
1115 3024 1443 3108 particeps.
1519 3043 1647 3090 non
1692 3025 1857 3089 enim
1903 3044 1939 3089 a
1970 3026 2035 3089 te
2080 3024 2397 3110 diligenda
2442 3032 2591 3090 sunt

266 3150 320 3194 25
337 3148 493 3211 quae
536 3128 703 3193 infra
745 3132 808 3193 te
854 3132 1020 3206 sunt,
1074 3129 1136 3191 et
1181 3130 1466 3208 quamuis
1508 3146 1800 3193 mensura
1842 3128 2017 3206 insit,
2068 3132 2139 3192 tu
2171 3131 2379 3193 tamen
2412 3146 2589 3192 men-

336 3251 483 3297 sura
547 3250 670 3299 non
737 3251 819 3297 eS.
908 3230 1270 3313 cogitationi
1349 3231 1492 3295 tuae
1560 3249 1857 3295 numerus
1936 3230 2373 3312 uoluptatique
2445 3231 2593 3295 tuae

335 3337 578 3417 pondus
634 3336 708 3400 tu
761 3334 999 3399 scilicet
1043 3352 1154 3398 nec
1210 3352 1505 3398 numerus
1550 3353 1665 3398 nec
1710 3333 1951 3417 pondus
1997 3350 2078 3397 es‚
2154 3332 2317 3397 refer
2361 3332 2587 3396 uolun-

338 3440 538 3503 tatem
604 3437 700 3503 tui
764 3438 992 3503 amoris
1057 3436 1137 3500 ad
1181 3435 1365 3500 illum
1417 3455 1747 3501 numerum
1813 3438 1947 3501 sine
2004 3452 2283 3518 numero,
2342 3437 2419 3500 de
2469 3452 2590 3517 quo

340 3541 670 3625 psalmista
728 3541 907 3605 dicit:
967 3542 1042 3603 et
1095 3538 1557 3621 sapientiae
1614 3538 1782 3603 eius
1830 3558 1977 3604 non
2024 3539 2144 3603 est
2186 3555 2592 3611 numerus,

267 3670 324 3711 so
341 3646 421 3711 ad
485 3644 659 3710 illam
704 3661 1058 3708 mensuram
1112 3643 1246 3707 sine
1289 3661 1599 3718 mensura,
1653 3642 1731 3707 ad
1775 3641 1938 3707 illud
1979 3642 2213 3724 pondus
2260 3639 2393 3705 sine
2436 3657 2595 3722 pon-

342 3748 506 3827 dere,
565 3766 602 3811 a
666 3763 786 3828 quo
847 3744 1056 3810 omnia
1108 3744 1526 3829 ponderantur
1583 3746 1649 3808 et
1705 3744 2163 3809 mensurantur.
2239 3745 2446 3824 ipsum
2500 3744 2596 3805 est

547 3978 616 4031 29
659 3975 859 4031 Psalm.
899 3976 1013 4042 146,
1051 3976 1086 4029 5

435 4193 482 4246 ·3
517 4191 576 4245 in
599 4196 733 4245 ante
755 4190 1053 4244 uirtutibus
1079 4189 1208 4243 add.
1234 4191 1305 4245 M
1477 4190 1510 4243 6
1545 4188 1758 4258 possint
1789 4188 1853 4256 10²
2026 4188 2095 4240 18
2130 4186 2251 4256 soit]
2289 4185 2364 4239 sit
2394 4186 2460 4255 10²

345 4288 414 4343 22
449 4286 524 4340 sit
554 4290 622 4355 2⁹²
803 4284 874 4339 24
907 4284 1162 4338 ueritatis
1191 4289 1277 4353 ρ’,
1329 4284 1548 4338 ueritati
1584 4284 1697 4338 Mb
1872 4282 1957 4351 fis]
1995 4282 2069 4335 sis
2096 4298 2142 4351 p
2326 4281 2393 4335 27
2430 4280 2598 4334 refert

347 4381 671 4449 uoluffiptati
705 4381 919 4434 timoris
955 4380 1028 4433 M
1062 4381 1223 4449 (corr.
1259 4379 1350 4432 Μ2
1383 4379 1446 4433 im
1479 4380 1671 4448 mai-9.)

2284 4478 2391 4531 13*
