3175 5050
606 394 691 461 88
1373 390 1743 445 Claudiani
1779 390 2098 445 Mamerti

606 583 769 651 nihil
834 581 1027 657 uidet,
1095 582 1244 665 quia
1299 580 1462 645 nihil
1517 580 1733 662 utique
1794 581 1990 646 sentit
2048 580 2282 662 absque
2337 580 2562 665 anima,
2626 599 2703 647 ac
2756 601 2871 665 per

605 689 725 755 hoo
767 687 1015 753 animus
1061 703 1352 767 corporea
1393 702 1504 769 per
1533 702 1755 766 corpus
1802 685 1995 764 uidet,
2028 684 2391 767 incorporea
2416 702 2527 768 per
2556 702 2646 749 se.
2716 683 2869 749 haec

605 791 746 874 ipsa
787 808 980 867 nunc,
1033 788 1336 871 quantum
1378 789 1446 854 in
1489 790 1981 870 praesentiarum
2022 806 2121 853 res
2166 788 2465 871 postulat,
2520 788 2865 869 sequestre-

607 911 768 971 mus,
837 896 910 957 ut
965 909 1122 974 quae
1177 891 1304 955 sint
1361 889 1558 957 animi
1604 890 1743 957 uisa
1784 909 1893 974 per
1939 908 2182 974 corpus,
2230 908 2387 973 quae
2432 890 2565 955 sine
2611 906 2865 973 corpore

608 995 925 1061 euidenter
983 994 1297 1075 adpareat.
1374 1014 1520 1059 nam
1578 994 1687 1076 qui
1742 994 1844 1059 uel
1900 994 2139 1077 aliquid
2198 993 2478 1059 eruditus
2524 996 2641 1073 est,
2690 996 2866 1059 credo
2922 1014 2951 1052 s

608 1100 851 1165 nouerit
915 1097 983 1162 in
1052 1097 1424 1182 geometrica
1488 1096 1827 1180 disciplina
1894 1098 2043 1180 quid
2112 1097 2199 1162 sit
2263 1097 2569 1179 punctum
2636 1097 2863 1179 quidue

609 1201 791 1279 linea,
849 1199 960 1265 sed
1003 1200 1152 1284 quia
1207 1200 1370 1266 inter
1413 1220 1539 1286 soe,
1586 1202 1693 1283 qui
1736 1200 1863 1266 ista
1912 1200 2337 1285 dignabuntur
2380 1200 2609 1285 legere,
2660 1202 2869 1282 potest

610 1324 743 1371 esse
794 1304 902 1390 qui
947 1304 1205 1383 nesciat,
1251 1307 1325 1369 de
1386 1304 1500 1369 hoc
1559 1306 1694 1387 ipso
1761 1304 2092 1387 paululum
2159 1304 2547 1371 dissertando
2604 1322 2864 1387 quaera-

609 1425 769 1473 mus,
831 1407 997 1473 linea
1027 1408 1144 1485 est,
1191 1409 1264 1472 ut
1293 1406 1636 1473 doctissimi
1679 1409 1863 1490 atque
1908 1406 2276 1473 excellentes
2320 1406 2445 1471 uiri
2491 1423 2619 1473 non
2662 1406 2871 1471 dixere

610 1509 834 1589 solum,
879 1510 985 1575 sed
1030 1509 1460 1575 ratiocinando
1504 1512 1860 1593 probauere‚
1908 1510 2234 1594 longitudo
2280 1509 2564 1591 simplex,
2610 1526 2767 1591 quae
2801 1507 2871 1572 in
2893 1534 2949 1573 ιο

610 1630 858 1695 corpore
902 1629 1158 1695 prorsus
1201 1613 1471 1694 nequeat
1525 1612 1792 1677 inueniri
1838 1628 1907 1677 eo
1967 1613 2130 1696 quod
2174 1630 2353 1677 omne
2397 1628 2620 1695 corpus
2664 1611 2871 1694 longi-

609 1714 826 1781 tudine
869 1716 1129 1799 longum
1174 1715 1279 1797 sit,
1329 1733 1452 1780 non
1496 1714 1715 1779 tamen
1760 1716 1895 1798 ipsa
1930 1715 2015 1780 sit
2060 1714 2380 1797 longitudo
2425 1733 2627 1796 neque
2675 1712 2875 1796 possit

608 1818 700 1883 sic
743 1836 877 1882 esse
933 1817 1211 1900 longum,
1257 1820 1331 1882 ut
1386 1835 1511 1881 non
1572 1818 1777 1883 latum
1820 1817 2014 1883 simul
2059 1818 2381 1900 altumque
2411 1817 2517 1883 sit.
2588 1819 2875 1900 quocirca

610 1921 774 1986 sicut
833 1920 1011 1985 aiunt
1072 1922 1266 1985 etiam
1323 1922 1378 1987 si
1423 1940 1683 1988 araneae
1740 1921 1920 1986 filum
1954 1918 2375 2006 'cogitauerim
2443 1920 2593 2003 quia
2658 1920 2874 2003 utique

615 2041 834 2107 corpus
880 2024 995 2105 est,
1042 2043 1166 2089 non
1212 2025 1415 2090 solum
1465 2023 1928 2107 longitudinem
1973 2025 2283 2107 cogitasti,
2328 2024 2518 2090 habet
2565 2025 2733 2089 enim
2761 2042 2874 2106 pro
2899 2051 2947 2091 ιε

610 2124 792 2191 modo
840 2144 951 2191 suo
986 2125 1518 2192 indissociabilem
1573 2127 1989 2210 longitudinis
2043 2148 2191 2194 suae
2236 2128 2643 2194 latitudinem
2688 2131 2877 2209 atque

614 2228 1036 2296 altitudinem.
1113 2228 1310 2311 igitur
1355 2232 1426 2309 si,
1473 2230 1548 2295 ut
1589 2230 1775 2296 fateri
1820 2232 2055 2297 ueritas
2101 2232 2291 2316 cogit,
2336 2231 2507 2297 aliud
2542 2236 2638 2297 est
2668 2230 2877 2313 longi-

611 2333 768 2409 tudo
827 2351 1016 2415 quam
1069 2330 1364 2411 latitudo,
1432 2335 1707 2414 seposita
1761 2335 2093 2400 latitudine
2161 2336 2355 2400 solam
2416 2334 2879 2418 longitudinem

615 2436 983 2520 cogitemus.
1059 2435 1187 2501 scio
1234 2440 1446 2501 autem
1491 2437 1655 2502 hanc
1698 2439 1961 2504 eandem
2004 2438 2247 2521 liquido
2281 2439 2557 2524 conspici
2589 2457 2713 2505 non
2744 2456 2879 2504 esse

612 2540 1184 2624 multorum,quam
1208 2559 1350 2606 cum
1365 2541 1641 2608 Marcius
1664 2553 1907 2625 quoque
1928 2543 2333 2626 philosophus
2356 2547 2612 2628 negaret
2636 2543 2879 2608 mat'he-
2898 2570 2949 2610 2⁰

615 2644 848 2709 matico
893 2644 1163 2711 Adrasto
1207 2664 1272 2710 se
1314 2646 1546 2725 uidere,
1594 2664 1740 2712 oum
1784 2646 1983 2713 lineas
2028 2647 2349 2713 fabrorum
2382 2647 2579 2714 nimie
2607 2647 2877 2739 uideret:

612 2747 887 2831 utique
953 2765 1103 2812 non
1159 2749 1444 2816 mirum
1503 2754 1663 2830 est,
1722 2752 1929 2834 inquit
1987 2752 2309 2833 AdrastuS,
2372 2754 2575 2836 quod
2630 2749 2881 2815 habes

715 3037 749 3090 3
785 3039 1178 3106 sequestramus
1213 3038 1667 3096 ABDE¹FH¹R
1866 3040 1904 3094 4
1938 3041 2069 3093 sunt
2105 3039 2151 3094 S
2349 3041 2383 3093 5
2420 3038 2719 3108 adpareant
2752 3038 2884 3093 libri

607 3128 839 3191 praeter
882 3123 1013 3178 EM
1043 3128 1094 3179 et
1119 3127 1190 3193 ῥ’
1223 3124 1349 3182 Βοὴ.
1555 3127 1651 3194 qui
1698 3127 1787 3182 uel
1836 3125 2085 3192 GLS²T‚
2144 3124 2239 3195 qui
2274 3125 2431 3179 uelut
2473 3123 2883 3182 ABGDFMB

613 3204 758 3274 128¹,
817 3207 912 3276 qui
956 3209 1115 3263 uelllll
1160 3209 1304 3274 ΕΗ,
1365 3210 1522 3263 uelut
1555 3211 1652 3278 qui
1688 3227 1733 3278 p
1768 3210 1921 3276 Sela,
1983 3211 2138 3266 uelut
2173 3210 2268 3280 qui
2303 3210 2392 3264 uel
2432 3212 2501 3279 1⁹²
2709 3210 2885 3279 aliqui

613 3293 646 3348 b
661 3333 676 3359 ,
735 3293 936 3364 alioqui
985 3310 1025 3363 p
1263 3296 1297 3348 6
1349 3297 1642 3365 geometria
1694 3297 1816 3352 Βοὴ.
2047 3297 2180 3367 quid
2236 3297 2326 3350 uel
2379 3295 2427 3350 S
2664 3295 2696 3350 7
2754 3295 2881 3366 quia

611 3396 712 3436 om.
760 3380 886 3435 lion·
923 3385 1152 3449 praeter
1197 3379 1372 3436 ΒΕΘ
1408 3387 1461 3436 et
1496 3381 1619 3437 Βοὴ.
1827 3383 1924 3436 isti
1970 3382 2025 3436 A
2232 3382 2267 3436 8
2312 3397 2429 3436 esse
2462 3398 2566 3437 om.
2607 3383 2706 3448 Μ,
2768 3398 2883 3436 esse

616 3468 797 3534 potest
830 3465 1065 3520 editores
1261 3467 1382 3535 quis
1417 3467 1878 3523 ΑΒΟΗῙΜΒἮι
2074 3482 2170 3522 nec
2206 3467 2344 3521 sciat
2378 3466 2437 3523 R
2631 3467 2729 3521 hoe
2763 3467 2885 3535 ipsa

612 3551 690 3606 Μ
696 3552 727 3606 b
742 3591 756 3616 ‚
809 3566 949 3605 corr.
985 3550 1080 3604 Μ’*
1112 3551 1177 3605 in
1209 3566 1381 3621 marq.
1398 3591 1412 3618 ,
1470 3551 1570 3606 hac
1608 3552 1727 3621 ipsa
1760 3567 1819 3606 re
1853 3569 1900 3622 p
2104 3552 2413 3608 disserando
2451 3542 2711 3617 BHL'S1,
2770 3552 2883 3606 dis-

613 3637 830 3692 serendo
883 3635 1236 3693 ADEFR&
1266 3636 1390 3693 Βοὴ.
1527 3648 1531 3652 ·
1598 3637 1631 3690 9
1685 3639 1991 3694 excelleetes
2045 3639 2102 3696 R
2312 3640 2379 3694 10
2431 3639 2752 3693 rationando
2804 3639 2882 3702 R,

614 3724 931 3813 ratioffando
970 3758 1017 3814 s
1202 3759 1264 3812 11
1303 3760 1534 3830 corpore]
1571 3760 1689 3814 sola
1724 3759 1853 3815 aaa.
1891 3761 1923 3816 b
2111 3760 2178 3815 15
2213 3760 2379 3814 solam
2416 3759 2597 3815 ΒΕΓ
2620 3760 2743 3816 Sch.

615 3853 680 3907 16
733 3852 889 3907 modo
942 3868 1070 3907 suae
1129 3852 1489 3922 longitudinis
1547 3854 2004 3910 indissociabilem
2060 3854 2410 3909 latitudinem
2465 3855 2742 3910 Barthius

613 3946 1057 4003 indissonabilem
1102 3948 1174 4002 Μ
1219 3964 1362 4006 corr.
1397 3951 1462 4003 im
1495 3966 1662 4021 mar-9.
1874 3950 1939 4005 18
1984 3950 2223 4005 altitudo
2272 3950 2346 4004 M
2390 3949 2629 4005 editores
2659 3955 2885 4019 praeter

605 4073 676 4140 1⁰²
859 4069 930 4124 20
962 4034 1176 4124 mare⁵us
1213 4069 1271 4138 S,
1325 4087 1524 4126 nomen
1555 4072 1861 4142 qen-uinum
1896 4086 2005 4127 esse
2040 4076 2207 4141 negat
2240 4070 2513 4125 Barthius
2705 4072 2771 4125 21
2805 4070 2883 4139 se]

613 4172 767 4224 posse
817 4159 890 4210 Μ
937 4173 1082 4210 mwn.
1133 4173 1239 4212 rec.
1291 4173 1563 4225 superscr.
1614 4164 1667 4213 et
1713 4159 1745 4212 b
1950 4158 2115 4212 nimie
2164 4160 2257 4226 (τε
2303 4157 2525 4224 optime)
2576 4157 2885 4221 Harteliue,

612 4242 834 4295 minime
882 4242 954 4296 M
966 4243 998 4297 b
1013 4284 1026 4309 ,
1087 4258 1188 4299 om.
1233 4243 1352 4298 rell.
1391 4248 1446 4299 et
1484 4243 1608 4298 Seli.
1623 4283 1638 4310 ,
1698 4244 1928 4298 maxime
1962 4245 2264 4310 Bao-thius,
2315 4244 2435 4312 ipse
2469 4241 2598 4298 olim
2633 4242 2883 4297 minimas

607 4343 948 4382 consocerum
