3175 5050
1038 421 1126 473 De
1161 421 1353 472 statu
1390 417 1655 473 animae
1690 416 1719 471 1
1754 416 1839 472 21.
2486 416 2571 485 75

309 609 400 675 sic
441 613 676 689 tamen,
736 610 792 675 si
847 610 1055 692 ipsum
1099 628 1320 693 corpus
1379 607 1821 681 conuenienter
1878 606 2204 672 elementis
2246 606 2568 691 analogice

305 713 781 780 cominantibus
837 714 1028 797 probe
1087 714 1312 791 ualeat,
1383 716 1456 778 ut
1513 712 1770 777 nutibus
1838 708 2085 775 animae
2151 711 2567 775 consentaneo

303 816 598 881 motionis
661 817 989 883 concordet
1048 816 1360 898 obsequio.
1433 834 1554 898 quo
1612 815 1797 879 modo
1857 818 2068 879 autem
2125 812 2199 877 fit
2241 814 2316 879 ut
2358 812 2567 881 anima

303 922 521 985 eodem
567 920 728 985 nutu
763 937 983 983 sanum
1027 918 1476 1001 infirmumque
1529 916 1885 983 membrum
1925 914 2307 999 dispariliter
2350 934 2566 981 moue-

258 1045 287 1087 s
305 1025 422 1088 at?
479 1040 622 1087 ecce
677 1022 788 1087 ille
842 1023 1060 1088 laeuae
1103 1041 1324 1088 manus
1369 1021 1586 1107 uigore
1630 1022 1819 1099 ualet,
1868 1039 2055 1085 usum
2100 1018 2387 1085 dexterae
2429 1018 2565 1087 ictu

302 1122 378 1190 ut
423 1125 666 1190 adsolet
723 1125 1003 1191 humoris
1062 1127 1304 1192 amisit:
1363 1143 1587 1191 manus
1634 1123 1873 1206 reliquo
1916 1124 2255 1189 adhaerens
2300 1122 2563 1205 corpori,

305 1229 425 1293 etsi
493 1236 614 1293 nori
680 1227 748 1293 in
819 1232 1035 1296 eodem
1090 1229 1326 1313 uigore,
1395 1228 1462 1295 in
1520 1227 1738 1294 eadem
1793 1234 2119 1310 permanet
2170 1226 2391 1312 specie,
2451 1245 2567 1293 nec

302 1334 518 1395 tamen
583 1331 779 1396 seruit
845 1333 1100 1399 nutibus
1167 1335 1429 1399 animae.
1511 1333 1659 1414 quid
1725 1330 2025 1409 dicemuS‚
2086 1332 2281 1413 -pulsa
2346 1330 2565 1397 exinde

302 1432 587 1499 localiter
645 1436 834 1501 cessit
877 1436 1136 1503 anima?
1181 1441 1245 1501 et
1307 1453 1427 1521 quo
1485 1434 1661 1518 abiit,
1720 1453 1841 1518 quo
1884 1434 2031 1499 inde
2076 1433 2411 1501 discessit?
2454 1435 2565 1499 sed

231 1566 284 1605 ιο
305 1534 470 1601 forte
525 1538 606 1601 ad
662 1537 970 1619 reliquam
1034 1541 1282 1620 partem
1345 1538 1444 1603 sui
1502 1556 1568 1603 se
1625 1536 1927 1605 contulit:
1998 1538 2109 1602 sed
2174 1537 2303 1603 iam
2359 1541 2564 1603 totum

303 1656 523 1721 corpus
583 1640 866 1723 inplebat
915 1641 1144 1717 anima,
1203 1644 1268 1705 et
1311 1641 1520 1723 potest
1589 1639 1752 1705 adici
1812 1640 1993 1723 pleno
2043 1641 2363 1724 quippiam
2412 1641 2564 1723 quin

303 1741 696 1825 superfluat?
741 1762 886 1827 ergo
933 1744 1220 1811 fortassis
1275 1740 1690 1809 exhalandum
1746 1748 1840 1809 est
1884 1742 2121 1828 aliquid
2168 1745 2413 1811 animae
2457 1744 2565 1809 uel

303 1845 760 1911 eructuandum
803 1851 916 1913 aut
961 1864 1202 1929 quoquo
1248 1847 1428 1912 modo
1475 1846 1889 1930 digerendum
1935 1865 2003 1912 eo
2051 1847 2214 1930 quod
2246 1863 2369 1911 non
2397 1847 2565 1911 inte-

303 1958 490 2029 grum
535 1966 754 2030 corpus
796 1967 926 2014 non
965 1949 1277 2030 integram
1321 1950 1528 2031 capiat
1573 1948 1872 2014 animam.
1940 1950 2093 2022 haec
2136 1953 2301 2015 certe
2330 1949 2562 2031 absque

233 2080 286 2121 ιε
303 2051 596 2135 ambiguo
641 2052 930 2133 consequi
974 2070 1222 2118 necesse
1253 2056 1366 2133 est,
1411 2051 1468 2117 si
1497 2049 1715 2135 corpus
1745 2056 1839 2118 est
1870 2054 2098 2119 anima.
2172 2053 2332 2138 quod
2364 2070 2560 2136 quon-

302 2156 431 2219 iam
487 2154 624 2219 fieri
679 2173 1075 2239 nequaquam
1131 2159 1361 2237 potest,
1423 2155 1584 2222 illud
1643 2155 1855 2239 potius
1919 2156 2161 2221 intuere
2226 2156 2394 2239 quod
2438 2173 2563 2221 non

303 2257 514 2321 anima
556 2258 909 2341 imperandi
953 2260 1083 2325 uim
1127 2258 1421 2341 perdidit,
1465 2258 1575 2324 sed
1606 2259 1771 2325 uires
1801 2258 2116 2325 seruiendi
2146 2278 2369 2325 manus
2401 2258 2563 2323 ami-

303 2360 408 2425 sit.
474 2358 585 2425 illo
631 2360 801 2426 enim
845 2362 918 2429 ut
958 2370 1114 2445 puta
1159 2361 1486 2445 sanguinis
1541 2360 1761 2443 inpetu
1816 2360 2242 2427 coniuentium
2287 2362 2561 2427 elemen-

302 2467 510 2529 torum
555 2463 882 2530 harmonia
925 2463 1178 2530 turbata
1216 2464 1453 2546 corpori
1484 2464 1786 2531 adimitur
1814 2464 2125 2530 seruiendi
2155 2464 2560 2548 possibilitas,

233 2597 290 2637 κο
305 2571 370 2634 et
427 2570 631 2633 animo
692 2567 1052 2634 dominandi
1111 2569 1341 2634 accidit
1400 2567 1741 2634 difficultas
1802 2571 1866 2634 et
1924 2569 2147 2652 incipit
2202 2586 2335 2635 esse
2394 2569 2563 2634 oneri

305 2669 471 2753 quod
515 2671 647 2735 erat
688 2673 851 2738 usui.
918 2689 1044 2738 non
1083 2672 1300 2735 tamen
1344 2670 1556 2736 anima
1600 2671 1894 2738 mouendi
1938 2671 2071 2736 uim
2114 2672 2405 2756 perdidit,
2452 2672 2565 2738 sed

303 2773 658 2838 membrum
718 2775 1156 2840 conuenienter
1215 2793 1282 2840 se
1339 2775 1721 2840 necessariae
1768 2773 2034 2841 motioni
2080 2794 2205 2840 non
2249 2773 2561 2858 praebuit,

305 2877 370 2940 et
411 2875 476 2940 in
524 2876 806 2959 quolibet
851 2877 1046 2943 oculis
1078 2880 1277 2959 capte,
1311 2879 1617 2959 quantum
1648 2878 1727 2942 ad
1759 2879 2035 2943 animam
2058 2882 2326 2961 spectat,
2356 2899 2562 2945 rema-

304 2982 415 3043 net
445 2980 543 3044 uis
577 2979 830 3045 uidendi
861 2981 1197 3064 corporalia
1223 3000 1337 3064 per
1365 2999 1604 3066 corpus,
1651 2984 1758 3046 sed
1790 2982 2007 3066 organi
2036 2980 2320 3048 membra
2349 2981 2563 3048 defici-

406 3201 441 3254 2
487 3201 887 3255 continentibus
932 3203 989 3255 A
1195 3201 1275 3271 ut]
1324 3204 1379 3255 et
1427 3201 1482 3258 R
1509 3201 1629 3258 Sch.
1837 3203 2074 3258 motibus
2120 3203 2177 3259 R
2380 3204 2415 3258 3
2458 3219 2564 3274 quo

303 3286 480 3356 modo]
520 3287 614 3355 qui
655 3285 707 3342 G
903 3286 980 3341 sit
1016 3289 1080 3341 ut
1114 3285 1186 3352 R,
1246 3286 1386 3342 sicut
1414 3305 1460 3356 p
1665 3289 1699 3341 5
1735 3288 1947 3342 dextrae
1982 3289 2218 3344 edsitores
2409 3289 2563 3344 hictu

311 3371 498 3438 GHR,
555 3371 702 3428 iactu
745 3375 803 3426 A
1009 3373 1043 3427 6
1094 3372 1330 3428 humeris
1376 3371 1431 3428 R
1637 3374 1819 3444 aliquo
1860 3375 1913 3430 G·
2117 3375 2334 3430 aderens
2370 3375 2427 3432 R

306 3457 338 3512 7
385 3458 584 3512 nonin
622 3475 722 3514 om.
751 3475 797 3526 p
1001 3460 1037 3513 8
1089 3458 1317 3514 dicimus
1375 3459 1428 3514 G·
1635 3459 1668 3512 9
1720 3460 1861 3530 quod
1912 3460 2039 3514 inde
2089 3460 2161 3514 M
2170 3461 2202 3515 b
2409 3464 2473 3518 11
2509 3466 2566 3518 et

311 3543 448 3609 GM,
507 3558 601 3599 nec
644 3545 761 3599 rell.
805 3549 856 3599 et
890 3545 922 3599 b
947 3543 1092 3611 Βοὴ,
1154 3560 1260 3599 non
1303 3547 1367 3613 ρ’
1573 3544 1669 3614 qui
1723 3545 1781 3598 in
1836 3544 1893 3600 R
2102 3547 2168 3600 12
2219 3548 2563 3616 supereffluat

295 3632 370 3700 φ’
566 3631 632 3686 13
666 3631 1016 3686 eructandum
1051 3632 1108 3686 A
1131 3631 1366 3686 editores
1559 3646 1663 3699 quo
1700 3631 1857 3686 modo
1892 3631 2245 3690 BGDDFR
2430 3635 2564 3690 diri-

303 3717 540 3787 gendum
596 3717 727 3774 GM
937 3719 1005 3773 17
1057 3717 1300 3788 prodidit
1350 3717 1675 3774 BGHLRS
1882 3718 1949 3772 18
2001 3720 2365 3774 coniuentium
2419 3721 2563 3790 MR,

304 3855 703 3909 conniuentium
760 3855 877 3912 Βοὴ.
893 3895 908 3922 ,
969 3805 1407 3911 οοξιῗιοέιιιῖῗὲιὴῢῖῗω
1457 3856 1540 3920 Ε,
1598 3856 1939 3911 conuentium
1992 3857 2105 3923 OG,
2161 3857 2563 3914 conuiuentium

303 3940 486 4008 HLS,
523 3943 954 3998 conuenientium
981 3943 1251 3998 ABDFb
1449 3943 1515 3997 19
1537 3942 1875 3998 adimittitur
1897 3943 1979 4010 R,
2017 3943 2333 3998 admittitur
2359 3947 2428 4012 10²

303 4061 374 4116 20
413 4061 609 4116 accidit
659 4062 806 4129 GM,
865 4028 1062 4131 acoissit
1113 4064 1184 4127 c,
1255 4063 1462 4118 accedit
1513 4063 1634 4119 reu.
1686 4068 1741 4118 et
1792 4063 1913 4120 sch.
2171 4063 2235 4118 21
2292 4064 2384 4118 sed
2437 4065 2563 4133 m,

305 4147 354 4201 si
387 4147 504 4203 rell.
543 4153 597 4202 et
632 4146 753 4204 8σή.
960 4149 1030 4206 23
1065 4153 1306 4218 expectat
1341 4148 1397 4205 R
1603 4150 1673 4204 24
1707 4150 1927 4203 uiuendi
1963 4151 2018 4204 A
2213 4166 2414 4220 organa
2447 4153 2565 4208 AD

303 4231 474 4288 EFP
499 4232 648 4298 Sch„
709 4233 928 4302 organis
969 4234 1023 4290 G·
1215 4235 1455 4290 membra
1490 4235 1629 4302 Mb,
1664 4235 2028 4290 membrorum
2064 4237 2183 4294 rell.
2217 4243 2268 4294 et
2304 4237 2423 4295 Sca.

303 4351 550 4408 deficitur
593 4353 657 4422 G,
719 4327 975 4409 defitinnt
1010 4353 1058 4409 S

3054 0 3139 81 ‚A
