3175 5050
669 444 755 509 92
1443 439 1817 495 Claudiani
1852 441 2169 496 Mamerti

669 632 1062 715 praeterit
1095 632 1292 696 enim
1321 629 1586 713 figura
1614 632 1843 696 huius
1874 630 2165 697 mundi.
2197 632 2373 697 uides
2394 630 2768 713 etiamquod
2792 650 2935 695 cum

669 734 1116 818 longitudineS,
1165 734 1537 799 latitudines
1584 736 1649 797 et
1690 733 2053 799 altitudines
2114 751 2438 816 corporum
2491 733 2651 797 scire
2696 733 2935 799 nullius

669 838 1118 921 propemodum
1163 838 1247 903 sit
1293 837 1611 914 momenti,
1656 836 1811 901 satis
1858 854 1993 901 esse
2040 836 2235 914 aliud,
2284 837 2446 903 116116
2490 836 2644 902 dicit
2672 836 2935 919 ,aposto-

675 941 774 1005 lus
821 946 1100 1022 oportere
1156 958 1270 1004 nos
1333 956 1512 1005 nosse
1556 939 1746 1021 quid
1788 941 1901 1004 sit
1944 938 2306 1005 latitudo
2352 940 2429 1003 et
2466 939 2934 1021 longitudo,

673 1040 1140 1107 sublimitas
1183 1045 1260 1107 et
1303 1040 1830 1125 profundum?
1898 1042 2050 1125 quid
2096 1044 2262 1107 enim
2304 1040 2467 1107 mihi
2508 1041 2784 1123 pr'oderit
2830 1060 2936 1105 us·
2970 1063 2992 1103 ⁵

671 1146 845 1227 piam
907 1144 1307 1210 altitudinem
1367 1144 1645 1227 corporei
1708 1145 1863 1211 caeli
1923 1163 2237 1229 quaerere,
2283 1147 2615 1229 planorum
2658 1143 2935 1209 siderum

673 1248 1048 1313 diastemata
1119 1250 1224 1314 uel
1301 1248 1679 1313 circulorum
1750 1248 1883 1313 uias
1958 1248 2060 1313 uel
2132 1247 2524 1331 singulorum
2597 1247 2937 1313 interualla

673 1352 916 1429 11111611,
987 1351 1139 1433 quid
1207 1351 1418 1436 spatia
1481 1352 1683 1417 terrae
1750 1369 2109 1438 cognoscere
2176 1352 2281 1417 uel
2348 1351 2555 1435 abyssi
2630 1350 2939 1435 profunda

672 1458 1038 1539 penetrare?
1105 1474 1228 1521 non
1286 1458 1362 1522 de
1421 1456 1520 1521 his
1579 1474 1700 1538 me,
1762 1456 1836 1521 ut
1893 1473 2051 1535 reor,
2108 1454 2426 1539 apostolus
2484 1454 2937 1521 commonitum

673 1559 894 1639 uoluit,
963 1576 1123 1641 quae
1188 1576 1310 1625 non
1369 1560 1570 1625 solum
1633 1558 1943 1625 laboriosa
2000 1560 2168 1636 sunt,
2228 1558 2336 1625 sed
2396 1558 2588 1623 etiam
2634 1556 2823 1622 noxia
2866 1556 2933 1636 si,
2952 1580 2992 1621 ιο

674 1682 815 1729 61161
884 1682 994 1747 per
1051 1663 1202 1728 haec
1261 1662 1343 1728 ad
1403 1663 1652 1729 aeterna
1708 1680 2074 1746 semperque
2118 1661 2439 1729 manentia
2480 1661 2936 1727 transeundum

672 1766 780 1846 sit,
825 1767 890 1831 in
933 1766 1032 1831 his
1077 1765 1406 1832 haereatur
1451 1770 1641 1849 atque
1684 1768 2099 1833 remaneatur.

760 1887 1097 1953 Reuertere
1163 1905 1330 1953 61166
1399 1890 1586 1970 atque
1652 1888 1895 1953 intuere
1969 1905 2150 1953 omn-e
2214 1889 2473 1969 longum
2539 1883 2934 1968 longitudine

675 1992 935 2073 longum
978 1989 1136 2067 fieri,
1183 1989 1384 2073 ipsam
1429 2008 1578 2055 uero
1622 1990 2079 2073 longitudinem
2122 1990 2379 2074 longam
2424 1989 2547 2054 dici
2582 2007 2706 2055 non
2738 2007 2934 2071 posse,

673 2096 749 2158 ut
794 2110 974 2159 omne
1045 2094 1282 2159 eastum
1357 2094 1647 2159 castitate
1708 2096 1949 2161 castum
2009 2094 2163 2171 fieri,
2224 2097 2427 2177 ipsam
2485 2111 2635 2159 uero
2698 2096 2991 2157 castama

677 2212 800 2261 non
847 2195 971 2263 dici
1014 2197 1334 2263 ullatenus
1383 2198 1761 2263 castitatem.
1841 2216 1985 2263 61116
2030 2216 2177 2281 ergo
2206 2215 2449 2263 meram
2477 2196 2934 2280 longitudinem

677 2302 1090 2384 contemplari
1136 2302 1311 2389 cupis
1355 2304 1465 2367 aut
1500 2319 1647 2366 cum
1696 2303 1763 2366 in
1794 2302 2114 2385 trigonum
2144 2303 2247 2366 uel
2276 2300 2674 2385 hexagonum
2706 2298 2934 2365 mentis

677 2404 928 2469 oculum
993 2404 1156 2488 figis,
1225 2403 1432 2487 proice
1493 2407 1801 2487 quantum
1860 2406 2035 2470 uales
2094 2422 2169 2470 ac
2252 2403 2467 2486 refuge
2550 2421 2675 2468 non
2734 2403 2935 2467 solum

677 2525 860 2572 omne
925 2525 1312 2591 corporeum,
1382 2510 1489 2574 sed
1555 2507 1859 2591 quidquid
1926 2508 2133 2573 simile
2193 2506 2399 2589 potest
2444 2525 2581 2571 esse
2624 2524 2932 2588 corporeo,

675 2611 744 2674 et
801 2627 944 2674 cum
1003 2612 1313 2693 trigonam
1366 2611 1470 2676 uel
1529 2611 1737 2677 tribus
1780 2612 2033 2695 punctis
2076 2629 2149 2676 ac
2195 2610 2397 2676 tribus
2465 2611 2651 2674 lineis
2694 2610 2804 2674 uel
2847 2627 2990 2674 rowo

677 2713 940 2778 tundam
984 2717 1213 2795 puncto
1257 2713 1361 2778 1161
1405 2714 1576 2779 linea
1620 2714 1987 2780 conformari
2032 2713 2505 2796 incorporaliter
2550 2714 2739 2795 atque
2776 2711 2935 2776 inlo-

675 2817 897 2881 caliter
973 2817 1222 2896 uideris,
1309 2819 1442 2881 uim
1528 2835 1771 2900 quoque
1846 2835 1920 2882 ac
1988 2816 2582 2898 supereminentiam
2656 2817 2934 2898 conspice

677 2936 1081 2984 numerorum
1161 2920 1228 2983 et
1303 2919 1597 3004 intellege
1669 2919 2033 2984 uniuersum
2112 2937 2473 3002 corporeum
2544 2917 2935 2984 numerabile

677 3039 789 3103 per
852 3039 1140 3086 numeros
1207 3020 1366 3099 fieri,
1424 3023 1590 3103 ipsos
1652 3040 1797 3087 uero
1856 3041 2149 3088 numeros
2208 3041 2331 3088 non
2371 3039 2552 3105 posse
2598 3020 2933 3088 numerari.

677 3141 828 3188 nam
888 3125 1022 3205 quis
1081 3140 1203 3189 non
1267 3123 1470 3190 dicam
1517 3124 1742 3206 eloqui,
1788 3126 1899 3189 sed
1946 3125 2221 3208 cogitare
2266 3125 2453 3209 digne
2498 3125 2729 3204 ualeat,
2776 3123 2989 3207 quoda

677 3242 994 3306 6111661116,
1041 3244 1182 3291 61116
1229 3246 1300 3292 ex
1345 3245 1466 3292 uno
1512 3228 1576 3291 et
1620 3246 1729 3310 per
1772 3246 1969 3293 unum
2012 3229 2078 3294 et
2120 3229 2189 3294 in
2232 3248 2355 3296 uno
2400 3227 2503 3304 sit,
2565 3227 2937 3310 principium

889 3451 916 3504 1
956 3451 987 3506 1
1020 3450 1138 3506 eor.
1177 3451 1225 3516 7,
1261 3451 1327 3504 31
1533 3451 1570 3504 4
1605 3451 1799 3519 Ephes.
1836 3451 1887 3517 3,
1927 3451 1993 3506 18

786 3657 818 3710 1
855 3655 999 3710 6111111
1033 3671 1132 3713 om.
1167 3655 1299 3710 libri
1329 3661 1554 3724 praeter
1587 3655 1663 3708 Μ
1694 3659 1747 3710 et
1785 3655 1905 3710 sch.
2110 3655 2145 3709 2
2192 3657 2248 3710 et
2282 3671 2383 3712 om.
2430 3653 2488 3710 R
2590 3625 2593 3630 Ι
2696 3655 2731 3710 3
2772 3655 2937 3708 satius

679 3744 821 3799 coni.
876 3741 1146 3796 Barthius
1487 3741 1637 3795 aliud
1690 3741 1831 3794 unde
1881 3741 2127 3796 DEFM
2132 3743 2163 3796 b
2199 3741 2321 3796 Sch.
2336 3780 2349 3806 ,
2420 3741 2638 3794 aliunde
2688 3742 2810 3797 rell.

675 3830 718 3884 4
767 3830 976 3898 oportet
1023 3843 1066 3897 p
1272 3830 1327 3881 et
1379 3841 1481 3881 om.
1534 3826 1593 3881 R
1816 3827 1849 3880 5
1902 3826 2210 3880 sublimitas
2262 3843 2361 3882 om.
2414 3825 2471 3882 Β
2678 3826 2713 3880 6
2764 3827 2941 3896 plane-

680 3919 862 3971 tarum
917 3915 1030 3983 (uel
1082 3911 1385 3982 planorum>
1439 3915 1496 3967 et
1550 3911 1785 3966 siderum
1835 3913 2111 3968 Barthius
2349 3912 2720 3982 διαστήματος
2772 3913 2805 3967 b

682 4037 714 4089 7
750 4009 1032 4090 interualli
1051 4001 1199 4090 rinari
1237 4035 1282 4091 S
1485 4035 1519 4089 9
1564 4037 1949 4089 commoratum
1994 4035 2050 4092 R
2259 4036 2321 4091 11
2370 4052 2467 4106 pro
2509 4035 2557 4090 0
2761 4035 2827 4090 12
2860 4035 2937 4088 in-

682 4123 934 4192 hereatur
978 4121 1146 4176 HLS
1346 4123 1511 4189 atque
1550 4121 1626 4174 M
1654 4121 1906 4188 editores,
1968 4137 2031 4175 ac
2064 4121 2185 4176 rell.
2394 4122 2461 4176 15
2509 4137 2721 4176 omnem
2766 4121 2816 4176 S

681 4209 860 4278 ipsum
895 4207 1145 4262 AH‘LS
1311 4209 1515 4262 castum
1553 4207 1797 4262 AH²LS
2002 4206 2065 4260 17
2101 4221 2399 4275 exagonum
2432 4206 2564 4274 EG,
2625 4221 2935 4276 sexagenum

681 4291 1136 4350 ABGHLMRS
1154 4293 1275 4349 Sch.
1474 4293 1539 4347 18
1573 4293 1816 4364 refugere
1852 4293 1927 4346 M
2113 4294 2177 4346 19
2213 4308 2324 4346 6666
2360 4295 2539 4360 potest
2575 4293 2811 4347 editores

680 4381 749 4434 21
788 4379 1118 4434 conformare
1143 4395 1216 4447 p,
1275 4379 1580 4433 confortare
1612 4379 1681 4447 ρ’
1883 4377 1953 4432 26
1994 4378 2052 4431 16
2086 4392 2255 4432 unum
2290 4375 2739 4432 ABDE¹FH¹R
