3175 5050
1022 420 1110 475 De
1145 423 1340 474 statu
1375 421 1642 475 animae
1675 420 1706 474 I
1738 421 1824 475 21.
2469 420 2553 487 73

287 630 521 689 aerem,
569 611 658 675 sic
703 628 807 675 aer
853 628 1101 693 aquam,
1149 612 1241 675 sic
1286 628 1448 692 aqua
1489 611 1749 674 terram.
1822 614 1987 677 unde
2032 613 2130 675 est
2172 613 2331 694 quod
2362 610 2552 674 etiam

292 732 403 779 nos
450 733 560 796 per
605 713 886 779 fistulam
933 715 1036 778 uel
1081 713 1332 779 cuiusce
1380 714 1550 778 modi
1595 712 1822 778 tibiam
1869 715 2149 780 adtracto
2192 733 2330 779 aere
2360 731 2553 795 aquas

291 816 696 882 indifficulter
770 818 1112 893 haurimus,
1183 821 1248 881 et
1315 836 1348 885 e
1418 820 1749 900 puteorum
1823 817 2145 900 profundis
2219 816 2556 883 artificiose

291 922 586 1003 conpacto
643 921 1146 986 machinamento
1204 920 1470 1003 quodam
1527 939 1776 986 sursum
1832 939 2049 985 uersus
2094 922 2261 985 unda
2305 922 2558 1003 grauior

241 1026 368 1089 sob
413 1027 708 1088 naturam
753 1024 998 1105 cogitur
1043 1027 1106 1088 et
1151 1025 1310 1088 aeris
1343 1023 1727 1088 adminiculo
1760 1023 1828 1088 in
1860 1027 2157 1107 angustos
2186 1023 2553 1107 tubulorum

291 1133 536 1193 meatus
577 1128 644 1191 ui
676 1128 975 1210 conpulsa
1004 1126 1256 1191 labrum
1285 1132 1466 1192 tenus
1497 1145 1687 1211 supra
1714 1146 2033 1192 summum
2064 1127 2241 1209 putei
2272 1144 2557 1208 expressa

291 1232 661 1315 prolabitur.
736 1232 890 1295 haec
934 1248 1078 1314 ergo
1109 1231 1491 1296 dissonantia
1537 1229 1995 1295 contrariorum
2040 1228 2165 1295 sibi
2210 1247 2551 1311 corporum,

290 1338 362 1401 ut
409 1335 730 1417 quodlibet
769 1338 994 1400 uiuens
1041 1351 1262 1417 corpus
1309 1334 1588 1407 exsistat,
1638 1334 1703 1399 in
1749 1337 2063 1415 quandam
2098 1333 2553 1398 concinentiam

291 1438 538 1523 cogitur
581 1442 740 1503 nutu
787 1437 1102 1503 creatoris,
1173 1458 1246 1501 ex
1278 1436 1378 1501 his
1423 1441 1637 1502 autem
1684 1438 2012 1503 elementis
2047 1440 2361 1521 quattuor,
2395 1455 2551 1519 quae

220 1543 605 1606 inmoderate
663 1542 1021 1623 musiceque
1080 1542 1146 1606 in
1205 1541 1441 1606 arboris
1506 1541 1643 1605 uita
1701 1541 1820 1605 sibi
1882 1541 2235 1619 concinunt,
2302 1546 2355 1603 si
2404 1542 2551 1623 quid

290 1647 506 1709 contra
550 1664 908 1710 mensuram
952 1647 1056 1710 uel
1101 1645 1409 1726 superfuit
1454 1644 1614 1709 forte
1647 1645 1750 1709 uel
1780 1644 1997 1726 defuit,
2031 1644 2337 1725 aegrescit
2366 1643 2551 1707 arbor

289 1748 429 1830 ipsa
483 1752 775 1830 primum,
836 1748 1060 1813 dehinc
1117 1750 1418 1813 emoritur
1470 1750 1669 1818 ueluti
1726 1748 1898 1813 uicta
1954 1748 2274 1829 languore.
2346 1746 2547 1810 cernis

290 1852 437 1917 istic
493 1853 957 1918 dissonantibus
1013 1853 1092 1917 ab
1127 1852 1416 1919 unitatis
1471 1851 1869 1921 concinentia
1936 1850 2205 1934 corporis
2263 1848 2551 1932 partibus

291 1955 493 2021 uitam
560 1959 770 2039 potius
813 1976 850 2020 a
895 1974 1146 2038 corpore
1194 1956 1416 2034 deseri,
1485 1974 1674 2039 quam
1744 1973 1967 2037 corpus
2011 1975 2049 2019 a
2092 1954 2227 2019 uita
2294 1952 2550 2018 dimitti.

221 2080 274 2119 ιο
294 2060 541 2123 constat
582 2061 777 2142 igitur
821 2078 1068 2124 omnem
1112 2061 1314 2125 uitam
1360 2078 1474 2124 nec
1518 2048 1802 2125 localiter
1846 2045 2175 2125 abscedere
2222 2076 2259 2121 a
2304 2073 2551 2137 corpore

291 2180 404 2227 nec
475 2163 541 2227 in
617 2181 868 2245 corpore
945 2163 1120 2228 uelut
1195 2164 1262 2229 in
1335 2166 1467 2229 loco
1543 2182 1677 2229 esse
1754 2182 1866 2229 nec
1949 2161 2231 2228 localiter
2318 2158 2554 2240 corpori

293 2266 597 2331 accedere.
1260 2286 1264 2290 ·

377 2370 500 2435 Hic
544 2371 597 2434 si
633 2371 977 2435 causalium
1007 2369 1322 2435 rationum
1353 2374 1595 2435 secreta
1624 2369 1870 2448 rimare,
1903 2366 2368 2434 animaduertas
2400 2364 2554 2430 licet

396 2625 431 2678 2
466 2623 704 2677 fistulam
745 2623 874 2678 GM
883 2665 895 2688 ,
949 2623 1198 2677 fistucam
1237 2623 1503 2686 BOH¹R‚
1555 2623 1816 2677 festucam
1854 2623 1969 2677 rell.
2150 2623 2372 2677 huiusce
2406 2621 2555 2676 modi

296 2711 398 2778 Gp
603 2711 640 2763 4
674 2726 856 2763 sursus
891 2726 1044 2762 uerso
1080 2710 1311 2764 ABDE
1341 2710 1428 2780 (in
1464 2726 1657 2780 mar9.:
1696 2710 1835 2763 alius
1872 2711 2031 2762 codex
2066 2713 2294 2763 ‘sursum
2328 2709 2553 2773 uersus’)

293 2797 404 2851 FP
607 2799 641 2850 5
687 2796 959 2863 angustiis
1009 2796 1062 2851 G
1268 2796 1584 2850 tubulorum
1633 2797 1694 2852 E
1732 2797 1797 2850 in
1829 2812 1999 2866 mary.
2064 2797 2203 2850 alius
2256 2795 2415 2850 codex
2458 2793 2557 2848 ad·

293 2915 454 2980 dens,
514 2889 824 2971 tabulorum
864 2915 930 2982 G,
992 2916 1278 2969 tullbarum
1330 2917 1403 2982 D,
1463 2917 1718 2974 tubarum
1765 2917 1825 2970 E
1853 2917 1918 2970 iu
1954 2922 2234 2980 contextu,
2298 2915 2551 2968 tuborum

293 3001 413 3054 rell.
454 3007 505 3055 et
542 3000 692 3068 Solu,
752 3005 1026 3056 tumorum
1073 3003 1350 3057 Barthius
1555 3004 1588 3055 6
1635 3005 1812 3056 metus
1857 3003 1917 3056 D
2125 3001 2201 3070 ui]
2238 3004 2335 3054 ant
2380 3017 2417 3068 p

296 3087 570 3142 labrorum
602 3088 671 3154 Ο,
725 3087 878 3142 labro
900 3087 1130 3143 DEFP
1154 3087 1275 3143 Sch.
1450 3090 1627 3156 puteis
1663 3088 1771 3142 Mb
1945 3089 1975 3140 7
2010 3087 2329 3156 probabitur
2363 3088 2420 3142 R

295 3207 330 3260 8
367 3209 552 3262 existit
587 3208 643 3262 A
839 3209 1226 3262 continentiam
1263 3208 1446 3264 AOR¹
1459 3224 1498 3276 p
1707 3208 1740 3261 9
1775 3181 1911 3261 nuto⁸
1948 3207 1995 3261 S
2168 3207 2277 3275 ,qui
2314 3205 2555 3262 ABGF·

301 3294 591 3350 GHLRS¹
767 3296 834 3349 19
870 3296 1124 3350 moderat’
1162 3295 1271 3360 M1,
1326 3311 1469 3350 corr.
1508 3296 1605 3350 ΙΙΙ*
1635 3295 1701 3348 iu
1734 3311 1916 3364 marg„
1970 3293 2316 3347 moderantur
2352 3293 2383 3346 b
2406 3292 2556 3346 Bar-

295 3381 443 3435 thius
650 3381 852 3435 musice
904 3397 1038 3450 quae
1092 3381 1288 3446 MRb,
1346 3383 1547 3435 musice
1600 3381 1793 3450 quibus
1848 3380 1938 3434 uel
1985 3379 2217 3432 musicae
2266 3394 2370 3446 qua
2416 3380 2556 3433 coni.

297 3467 568 3522 Bao-thius
773 3469 898 3521 uita
931 3468 1124 3534 MRb,
1183 3469 1356 3521 uitam
1391 3466 1509 3522 rell.
1548 3474 1601 3522 ct
1636 3467 1755 3522 Sch.
1962 3466 2042 3518 ibi
2077 3464 2362 3531 ABHLS,
2420 3465 2559 3520 mihi

298 3587 355 3643 R
539 3591 601 3643 11
641 3561 851 3658 subfuit
887 3587 941 3643 R
1133 3589 1324 3642 arescit
1361 3588 1418 3656 b,
1478 3588 1625 3656 quod
1648 3603 1926 3656 suprascr.
1951 3603 2098 3641 man.
2124 3603 2228 3642 rec.
2253 3588 2317 3641 in
2352 3587 2425 3641 M

298 3675 367 3728 12
413 3665 470 3727 et
514 3674 748 3728 moritur
795 3674 847 3731 G
1051 3678 1172 3728 uita
1223 3679 1287 3744 p²
1495 3674 1715 3744 langore
1768 3675 1947 3730 ΛΟΜ
2150 3676 2214 3728 13
2268 3673 2391 3727 istis
2444 3673 2521 3727 Μ
2527 3674 2558 3727 b

297 3759 421 3815 Βοὴ.
474 3761 538 3814 in
586 3767 765 3826 textu,
835 3762 944 3816 ista
995 3763 1301 3818 ABEOE'P
1338 3762 1456 3816 Sch.
1513 3762 1575 3814 iu
1628 3762 1777 3815 uotis
1982 3760 2313 3814 continentia
2366 3760 2421 3812 A

296 3852 469 3900 totum
513 3847 864 3900 cnumtiatum
905 3849 984 3902 sic
1029 3853 1318 3902 exaratum
1367 3853 1442 3900 est
1480 3848 1546 3900 iu
1581 3847 1676 3911 Μ,
1736 3851 1801 3900 ut
1835 3847 2009 3900 literis
2044 3846 2229 3900 rubris
2262 3845 2561 3914 uuicuique

296 3933 423 3988 uoci
453 3933 837 4000 superscriptis
880 3934 1026 3988 hauc
1066 3935 1362 3989 uerborum
1398 3933 1803 3987 collocationem
1838 3948 1951 3986 esse
1990 3931 2256 3985 librarius
2289 3931 2559 3984 uoluerit:

297 4017 1198 4089 amnprqsocfdebgiklh
1409 4018 1772 4087 16essenec]
1814 4032 2066 4072 essenon
2113 4016 2160 4072 G
2351 4018 2561 4086 corpori

298 4141 441 4208 Mb,
502 4104 670 4208 corp‘²ss
704 4139 786 4205 R,
849 4139 916 4193 ad
965 4155 1154 4209 corpus
1203 4141 1358 4209 Gp2,
1419 4156 1611 4208 corpus
1646 4139 1766 4194 rell.
1972 4139 2039 4193 18
2084 4136 2182 4191 hoc
2227 4137 2301 4191 M
2504 4153 2561 4192 se

240 4255 243 4258 ’
299 4261 331 4315 b
537 4260 843 4314 causalibus
887 4276 928 4328 p
1145 4260 1332 4312 rimere
1386 4260 1464 4326 G,
1525 4225 1747 4314 rimariis
1794 4259 1851 4313 R
2058 4256 2443 4312 animaduertis
2490 4257 2566 4312 M

300 4348 419 4404 R²b
629 4349 801 4416 liquet
846 4346 1042 4400 suadet
1090 4346 1361 4400 Bar-thius
