3175 5050
587 465 762 514 XXVI

588 656 651 701 se
706 654 826 700 om.
896 635 1060 718 rell.)
1119 635 1292 701 dieat
1345 623 1665 717 apostolus
1706 638 1969 717 raptum
2020 655 2147 701 esse
2192 637 2302 720 (M,
2348 655 2474 702 sese
2518 637 2719 721 rell.):
2762 639 2847 704 li-

596 739 840 805 brarius
885 757 1011 804 esse
1054 757 1166 820 pro
1209 757 1352 822 sese,
1410 742 1484 803 ut
1542 739 1911 822 plerumque
1953 739 2126 814 solet,
2183 741 2409 827 legisse
2457 742 2518 806 et
2561 741 2724 805 hanc
2765 741 2841 805 ob

583 862 717 907 rem
759 862 825 907 se
869 845 946 907 de
989 860 1098 907 suo
1131 843 1442 908 addidisse
1487 843 1677 925 (idem
1708 843 1897 908 etiam
1935 841 2078 922 142,
2112 844 2195 908 22
2227 848 2283 910 te
2312 845 2443 910 sine
2476 844 2846 910 necessitate

587 944 830 1024 adiecit,
879 944 1040 1028 quod
1085 945 1422 1010 delendum
1465 947 1582 1029 est)
1630 944 1902 1010 uidetur.
1952 981 2040 994 -
2087 947 2231 1032 156,
2278 949 2318 1012 3
2363 951 2435 1011 ut
2477 967 2619 1011 eum
2646 967 2711 1012 se
2739 949 2843 1014 uel

585 1049 770 1112 deum
814 1047 1227 1128 contemplari
1270 1048 1412 1112 uult
1451 1050 1562 1131 (Μ,
1596 1049 1763 1113 uolet
1789 1049 1973 1131 rell),
2006 1049 2366 1132 imayinum
2395 1067 2843 1131 corporearum

585 1151 874 1215 uelamen
915 1201 930 1217 .
957 1197 974 1214 .
1013 1151 1216 1215 solum
1257 1152 1504 1216 uideat:
1537 1152 1699 1218 falso
1730 1151 1797 1216 M
1826 1152 1972 1217 uult
2001 1154 2283 1237 praebet,
2315 1173 2460 1219 nam
2492 1153 2841 1236 profectum

587 1273 718 1319 esse
765 1273 804 1319 a
847 1253 1183 1320 Claudiano
1249 1253 1417 1318 uolet
1469 1273 1595 1320 non
1653 1257 1748 1320 est
1808 1256 2164 1320 mirandum
2228 1258 2295 1321 111
2346 1258 2665 1340 scriptore,
2735 1257 2843 1340 q'ui

585 1358 942 1438 saepissime
1001 1358 1286 1423 futurum
1339 1376 1448 1441 pro
1509 1362 1789 1440 tempore
1833 1361 2145 1442 praesenti
2187 1357 2481 1425 adhibeat
2530 1359 2633 1441 (cf.
2680 1357 2843 1424 indi-

585 1462 761 1543 cem).
809 1497 888 1508 -
940 1461 1082 1540 159,
1133 1463 1214 1526 10
1256 1465 1327 1525 ut
1369 1480 1589 1541 corpus
1617 1465 1867 1527 moueat
1896 1465 2169 1526 stantem
2198 1467 2255 1526 et
2284 1482 2419 1526 non
2436 1483 2562 1543 per
2596 1461 2840 1545 (CGM,

585 1582 706 1628 om.
752 1564 915 1646 rell.)
965 1564 1106 1628 loea
1153 1565 1262 1647 (M,
1310 1561 1464 1628 locos
1509 1563 1649 1642 OG,
1698 1564 1871 1628 loeus
1912 1563 2017 1629 uel
2063 1564 2221 1629 loeis
2262 1567 2423 1649 rell.)
2471 1563 2611 1629 loca
2653 1585 2841 1646 quae-

585 1662 731 1730 libet
787 1666 1147 1732 adeuntem:
1209 1667 1555 1732 rectissime
1602 1687 1724 1747 per
1775 1667 1953 1734 libris
1997 1668 2251 1750 optimis
2296 1667 2499 1734 CGM
2544 1668 2838 1748 traditur,

583 1768 663 1833 ad
719 1770 882 1850 quod
936 1771 1041 1835 uel
1087 1770 1366 1834 maxime
1421 1768 1575 1846 loca,
1638 1773 1800 1851 quod
1860 1771 2029 1836 solus
2080 1772 2151 1836 M
2203 1770 2477 1852 praebet,
2540 1771 2843 1854 quadrare

585 1873 851 1936 uidetur.
925 1889 1072 1936 nam
1118 1875 1279 1955 quod
1326 1872 1558 1937 habent
1605 1871 1722 1938 OG
1765 1871 1923 1938 locos
1967 1878 2229 1956 propter·
2256 1875 2534 1956 proxime
2577 1893 2840 1959 sequens

585 1975 964 2040 uocabulum
1010 1973 1148 2039 loca
1191 1975 1534 2059 genuinum
1566 1993 1697 2040 esse
1726 1993 1851 2041 non
1880 1978 2105 2059 potest.
2166 1978 2445 2042 attamen
2474 1977 2627 2042 haec
2654 1977 2843 2042 lectio

584 2079 839 2159 propius
905 2077 1084 2143 abest
1131 2097 1168 2142 a
1211 2079 1482 2162 genuina
1549 2079 1875 2161 scriptura,
1929 2098 2118 2162 quam
2175 2080 2302 2145 illa.
2380 2082 2627 2147 uidetur
2672 2081 2843 2145 enim

586 2182 722 2246 orta
775 2199 910 2246 esse
969 2200 1043 2246 ex
1086 2180 1271 2260 locus,
1319 2182 1505 2264 quod,
1549 2201 1696 2246 cum
1739 2181 2011 2248 habeant
2055 2183 2450 2249 ABHLRS
2499 2183 2601 2265 (de
2644 2184 2845 2248 inter-

583 2285 936 2365 polatorum
987 2284 1292 2350 librorum
1339 2285 1524 2350 DEF
1577 2285 1845 2350 lectione
1904 2305 2028 2351 non
2074 2289 2170 2352 est
2215 2289 2376 2369 quod
2423 2288 2605 2368 plura
2647 2287 2848 2352 uerba

582 2387 929 2471 faciamus),
979 2387 1046 2452 in
1089 2388 1405 2454 communi
1437 2389 1716 2453 omnium
1748 2389 2085 2472 archetypo
2117 2375 2427 2454 exstitisse
2461 2388 2837 2454 censendum

583 2493 696 2556 est.
766 2509 921 2575 qnae
967 2492 1022 2558 si
1067 2494 1232 2558 recte
1279 2491 1599 2574 disputata
1641 2495 1806 2571 sunt,
1852 2495 2122 2576 genuina
2152 2493 2458 2576 scriptura
2488 2494 2621 2559 sine
2652 2491 2845 2559 dubio

583 2613 717 2677 erat
760 2598 902 2677 loci}
932 2638 1013 2671 ===
1045 2612 1263 2690 locum,
1308 2616 1370 2676 et
1415 2614 1481 2677 ni
1526 2613 1713 2677 fallor
1757 2613 1955 2678 multo
2004 2614 2206 2696 aptior
2236 2632 2424 2695 quam
2454 2614 2715 2697 pluralis
2746 2614 2850 2679 est

582 2715 917 2798 singularis
973 2734 1266 2781 numerus
1318 2735 1443 2797 per
1497 2715 1703 2780 locum
1762 2717 1866 2798 (cf.
1924 2718 2027 2797 31,
2079 2717 2140 2781 5.
2202 2716 2344 2800 182,
2392 2718 2452 2781 9.
2515 2716 2658 2799 186,
2707 2716 2840 2800 27),

582 2822 686 2901 qui
753 2818 1066 2902 significat
1131 2817 1416 2883 localiter
1482 2820 1588 2902 (cf.
1660 2819 1851 2884 uerba
1920 2820 2276 2901 sequentia:
2343 2819 2417 2881 in
2482 2818 2847 2900 hisdemque

583 2922 732 2986 loeis
775 2920 1246 2987 inlocaliter
1286 2923 1617 3004 ayentem).
1661 2957 1747 2969 —
1795 2922 1936 3000 169,
1983 2922 2285 2998 24istud
2328 2941 2500 2986 nunc
2544 2921 2703 2985 mihi
2746 2941 2837 2986 se-

579 3025 857 3090 eundum
901 3026 1041 3090 loca
1082 3030 1140 3088 et
1181 3028 1464 3106 tempora
1490 3023 1593 3088 uel
1629 3024 1739 3108 (M,
1772 3028 2056 3106 tempora
2083 3024 2184 3089 uel
2212 3044 2334 3089 om.
2366 3026 2528 3109 rell.)
2576 3026 2841 3092 dissere:

580 3128 971 3210 ineptissima
1032 3126 1430 3211 interpolatio
1496 3131 1642 3191 sunt
1707 3128 1895 3193 uerba
1951 3131 2239 3207 tempora·
2280 3128 2401 3192 uel.
2470 3148 2612 3193 cum
2670 3128 2839 3193 enim

578 3232 946 3314 praecedant
990 3229 1299 3315 euangelii
1344 3230 1419 3295 de
1463 3230 1661 3295 diuite
1707 3236 1771 3295 et
1814 3249 2083 3314 paupere
2128 3231 2337 3310 uerba,
2383 3232 2608 3313 quibus
2639 3230 2843 3297 Abra-

579 3334 724 3399 ham
793 3334 1164 3416 colloquitur
1229 3352 1369 3399 cum
1439 3333 1638 3399 diuite
1701 3334 1769 3398 111
1836 3332 2077 3398 inferno
2146 3334 2378 3416 posito,
2446 3338 2619 3418 apte,
2687 3353 2843 3399 num

579 3439 731 3503 haec
775 3437 988 3501 eadem
1039 3436 1322 3501 localiter
1378 3436 1478 3500 nel
1539 3437 1944 3518 corporaliter
2003 3436 2363 3518 accipienda
2422 3437 2570 3515 sint,
2632 3438 2840 3519 quaeri

579 3543 803 3623 potest,
851 3540 979 3615 sed,
1028 3540 1328 3621 quomodo
1362 3540 1809 3623 temporaliter,
1857 3558 1979 3605 non
2010 3540 2211 3604 uideo.
2245 3576 2328 3588 -
2364 3538 2507 3616 172,
2540 3538 2620 3602 18
2650 3544 2851 3621 quae-'

579 3663 736 3706 nam
767 3642 879 3724 (M,
911 3641 1314 3723 quaemalum
1345 3640 1421 3719 G,
1460 3663 1623 3724 quae
1652 3642 1877 3707 horum
1906 3643 2068 3726 rell.)
2102 3643 2271 3709 ratio
2301 3646 2389 3706 est
2417 3640 2553 3706 illis
2580 3642 2843 3707 eandem

581 3746 751 3811 credi
794 3744 1084 3822 similem,
1131 3745 1219 3809 ad
1246 3764 1407 3826 quae
1435 3746 1881 3825 conspicienda
1922 3746 2261 3827 interprete
2305 3764 2559 3826 corpore
2602 3744 2842 3809 utitur.-

581 3850 953 3933 scripturam
1019 3847 1243 3913 codicis
1299 3848 1369 3913 M
1433 3850 1769 3933 genuinam
1833 3867 1951 3914 non
2018 3868 2151 3913 esse
2196 3848 2352 3913 mihi
2416 3851 2656 3914 certum
2722 3851 2835 3914 est.

580 3953 898 4035 quaeritur
921 3952 1153 4036 autem,
1187 3970 1376 4033 quam
1408 3950 1739 4016 lectionem
1769 3949 2181 4033 interpdlator
2204 3952 2591 4016 correcturus
2624 3950 2840 4016 fuerit.

579 4057 790 4137 negari
857 4054 1110 4136 quidem
1167 4073 1292 4120 non
1357 4058 1566 4136 potest
1628 4052 2044 4135 plurimorum
2104 4054 2386 4119 codicum
2440 4053 2633 4118 uerba
2675 4072 2837 4135 quae

578 4158 803 4222 horum
850 4159 1003 4224 bene
1045 4158 1346 4240 quadrare
1375 4193 1460 4205 -
1489 4156 1715 4221 horum
1761 4156 1927 4221 enim
1972 4174 2113 4222 cum
2158 4156 2326 4220 ratio
2360 4158 2466 4235 est,
2512 4154 2650 4219 illis
2694 4160 2849 4221 cum'

577 4258 850 4325 similem
906 4259 1402 4343 coniungendam
1459 4260 1552 4324 est
1598 4295 1702 4337 —,
1762 4260 1870 4323 sed
1928 4258 2157 4323 collata
2212 4257 2562 4342 Apuleiana
2620 4258 2831 4341 phrasi

580 4365 791 4447 utique
837 4362 1032 4427 simili
1066 4365 1164 4446 (de
1193 4381 1360 4446 mag.
1393 4361 1460 4444 8)
1493 4364 1556 4426 et
1585 4360 1949 4427 Ennodiana
1982 4362 2086 4447 (cf.
2119 4362 2247 4426 ind.
2280 4360 2555 4427 Hartelii
2586 4380 2643 4443 p.
2676 4360 2832 4444 683)
