3175 5050
605 451 688 517 10
1433 449 1675 505 Fausti
1712 449 2023 506 Reiensis

600 640 1027 706 nonnullas
1071 637 1550 723 spirituales
1597 657 1767 706 esse
1809 635 2162 724 naturas,
2211 644 2297 705 ut
2340 641 2521 706 sunt
2562 641 2855 725 angeli,

599 745 1066 832 archangeli
1113 745 1579 827 ceteraeque
1624 745 2015 826 uirtutes,
2060 746 2238 827 ipsa
2269 746 2859 828 quoqueanima

598 852 887 914 nostra
931 847 1058 915 uel
1105 851 1320 913 certe
1365 866 1507 913 aer
1552 847 1715 912 iste
1762 847 2143 926 subtilis,
2194 849 2458 912 tamen
2502 847 2859 932 incorpo-

599 969 781 1015 reae
846 951 1318 1016 nullatenus
1386 952 1944 1016 aestimandae
2011 956 2214 1016 sunt.
2292 951 2582 1017 habent
2650 952 2857 1016 enim

597 1056 1020 1120 secundum
1085 1075 1160 1120 se
1220 1072 1535 1137 corpuS,
1591 1072 1737 1136 quo
1791 1055 2290 1133 subsistunt,
2350 1056 2548 1120 licet
2606 1055 2855 1120 multo
2904 1077 2935 1118 5

600 1162 674 1222 et
747 1158 1486 1241 inconparabiliter
1573 1159 1935 1232 tenuius,
2026 1176 2251 1240 quam
2318 1162 2598 1222 'nostra
2670 1159 2857 1222 sunt

599 1279 924 1343 corpora
982 1262 1412 1326 secundum
1473 1261 1822 1344 apostoli
1904 1261 2389 1327 sententiam
2463 1262 2853 1326 dicentis:

597 1369 675 1430 et
721 1383 1040 1447 corpora
1085 1365 1482 1430 caelestia
1539 1370 1616 1428 et
1662 1383 1999 1446 corpora
2042 1365 2488 1432 terrestria.
2565 1366 2855 1446 quibus

555 1487 734 1550 ·pro
795 1466 1225 1533 manifesto
1271 1467 1720 1549 conligitur
1779 1468 1988 1532 nihil
2048 1487 2222 1532 esse
2268 1471 2853 1551 incorporeum,

596 1572 758 1637 nisi
803 1571 1052 1637 solum
1099 1572 1340 1648 deum,
1390 1573 1811 1637 etidcirco
1855 1572 2016 1654 ipsi
2060 1571 2598 1637 tantummodo
2630 1589 2937 1653 possem

595 1675 1144 1757 penetrabiles
1191 1693 1452 1740 omnes
1499 1674 2052 1760 <spirituales>
2102 1680 2335 1758 atque
2387 1674 2855 1740 intellectu-

597 1778 764 1844 ales
811 1780 976 1844 esse
1021 1778 1542 1843 substantias.
1591 1795 1747 1860 quae
1785 1795 1928 1842 cum
1958 1778 2051 1842 ita
2080 1779 2229 1856 sint,
2276 1778 2470 1843 obicis
2514 1777 2673 1840 mihi
2716 1777 2853 1841 ideo

597 1882 879 1947 animam
923 1901 1046 1947 non
1093 1901 1226 1946 esse
1269 1900 1646 1965 corpoream,
1696 1883 1862 1963 quia,
1910 1881 1983 1947 ut
2029 1881 2267 1946 dictum
2316 1882 2431 1956 est,
2480 1900 2593 1946 nec
2638 1881 2855 1946 localis

595 1984 686 2049 sit
727 2003 840 2049 nec
886 1983 1190 2067 qualitate
1236 1986 1347 2049 aut
1391 1985 1749 2066 quantitate
1792 1983 2121 2070 subsistat.
2196 1986 2361 2064 quod
2393 1984 2568 2048 cuius
2598 1985 2857 2067 periculi

596 2089 682 2152 sit
727 2088 818 2152 ita
879 2091 1126 2152 credere
1187 2089 1254 2151 in
1311 2087 1834 2169 subsequentibus
1894 2087 2458 2151 demonstrabitur:
2504 2106 2667 2152 nunc
2709 2103 2855 2151 uero
2874 2115 2933 2155 1⁵

593 2193 662 2255 in
719 2191 836 2257 hoc
891 2194 1194 2256 tractatus
1251 2191 1448 2256 nostri
1509 2194 1679 2255 statu
1734 2190 1954 2255 habita
1994 2190 2375 2256 discussione
2419 2189 2737 2272 pendebit,
2785 2194 2878 2276 uta

593 2295 652 2360 si
719 2314 834 2360 nec
900 2294 1118 2359 localis
1175 2297 1260 2360 sit
1314 2312 1428 2359 nec
1491 2296 1832 2377 quantitati
1890 2296 2231 2375 subiaceat,
2290 2313 2426 2359 esse
2483 2312 2621 2359 eam
2686 2294 2858 2359 haud

595 2399 782 2465 dubie
829 2399 1254 2481 incorpoream
1303 2399 1731 2482 concedamuS,
1778 2399 1833 2464 si
1865 2418 2011 2463 uero
2040 2417 2177 2463 eam
2208 2398 2857 2463 demonstrauerimus

799 2637 834 2690 8
883 2638 912 2692 1
949 2637 1193 2691 Corinth.
1233 2640 1313 2701 15,
1350 2637 1421 2690 40

701 2852 734 2913 ‘1
788 2873 900 2912 esse
946 2858 1122 2927 spirit.
1170 2858 1276 2912 Ma
1491 2859 1524 2911 2
1579 2858 1844 2926 ceterique
1897 2856 1953 2912 R
2157 2858 2192 2911 3
2246 2858 2555 2927 incorporea
2607 2858 2727 2913 EF

591 2943 627 2998 4
673 2944 1040 2997 aestimandae
1085 2943 1216 3011 RZ,
1274 2943 1630 2998 existimanda
1665 2942 1794 3007 EF,
1853 2943 2242 2997 existimandae
2279 2944 2396 2996 rell.
2604 2945 2639 2997 5
2676 2961 2858 3000 secun-

592 3032 1038 3098 dum—corpora
1073 3047 1172 3087 om.
1209 3030 1302 3083 Μι
1475 3046 1698 3100 corpora
1732 3029 1868 3084 ΜΨ
2046 3029 2185 3097 quod
2222 3030 2292 3093 Β,
2353 3029 2546 3098 quibus
2582 3030 2719 3086 M³b

591 3114 899 3169 subsistant
950 3116 1413 3171 ABGHM⁸RSb
1622 3116 1655 3169 6
1701 3115 1882 3169 tenuis
1930 3116 2011 3182 R,
2072 3117 2275 3201 temnis
2325 3117 2392 3181 S,
2451 3118 2637 3170 tenuia
2685 3119 2717 3172 b

592 3237 625 3289 7
673 3237 910 3291 dicentes
957 3236 1013 3290 Z
1213 3238 1246 3290 9
1292 3253 1330 3309 p
1365 3237 1657 3291 manifesto
1694 3237 1769 3301 Z,
1829 3227 1887 3306 p⁰
1900 3236 2099 3290 nifesto
2135 3236 2231 3301 M,
2290 3238 2530 3305 profecto
2564 3239 2859 3295 manifesto

585 3326 656 3392 1²²
865 3323 933 3377 10
976 3322 1154 3376 solum
1202 3324 1362 3377 deum
1408 3324 1516 3379 Ma
1736 3324 1911 3392 posse]
1962 3337 2056 3391 per
2100 3339 2157 3377 se
2203 3322 2465 3378 canisius
2512 3330 2566 3381 et
2603 3325 2860 3381 Schottus

592 3408 804 3464 additis
839 3411 996 3463 uncis
1167 3410 1230 3463 11
1257 3408 1567 3479 spirituales
1594 3408 1792 3463 addidi
1816 3424 1883 3462 ex
1916 3408 2211 3474 Cassiam),
2264 3425 2363 3464 om.
2393 3410 2524 3464 libri
2694 3415 2860 3481 atque

593 3496 650 3549 Z
678 3496 963 3561 canisius,
1024 3510 1124 3549 om.
1171 3496 1279 3549 Ma
1496 3495 1562 3549 12
1609 3495 1830 3565 opponis
1865 3494 2034 3548 obicis
2068 3494 2487 3561 ABEFHRS,
2547 3495 2767 3565 opponis
2804 3500 2860 3551 et

589 3615 762 3671 obici·
809 3615 1089 3679 Schottws,
1169 3579 1360 3669 ἒῦἷῗιΐ
1390 3616 1464 3671 Μ
1513 3616 1755 3684 (opponis
1808 3616 1987 3685 glossa
2040 3620 2121 3671 est
2172 3630 2322 3669 man.
2375 3619 2594 3683 recent.)
2607 3656 2621 3681 ,
2690 3616 2861 3671 obicit

591 3702 851 3759 Coenisius
1041 3702 1108 3755 13
1142 3702 1504 3771 incorpoream
1547 3702 1807 3759 Caninius
1996 3702 2061 3756 14
2096 3702 2349 3769 qualitati
2386 3701 2558 3756 BEF
2740 3704 2857 3773 aut]

589 3804 688 3845 nec
735 3788 792 3844 R
999 3788 1298 3855 quantitati
1346 3787 1522 3843 BEF
1734 3788 2064 3841 subsistatur
2109 3786 2302 3843 BF¹R
2516 3788 2655 3841 cui'll
2702 3790 2764 3855 (i.
2810 3806 2856 3843 e.

589 3875 743 3929 cuins
793 3888 860 3929 ex
907 3877 1048 3940 cum)
1095 3874 1188 3938 M,
1247 3874 1400 3927 cuius
1445 3872 1593 3927 modi
1647 3874 1678 3928 b
1888 3873 2126 3944 pericula
2178 3874 2291 3927 Mb
2499 3875 2569 3928 15
2618 3873 2699 3928 ita
2752 3890 2856 3929 om.

589 3962 666 4014 M
675 3961 706 4014 b
880 3960 1163 4014 credere—
1178 3976 1302 4015 uero
1329 3976 1429 4013 om.
1466 3962 1515 4012 Z
1541 3960 1799 4015 canisius
1973 3959 2201 4028 credere]
2228 3957 2399 4013 dicere
2434 3960 2467 4013 b
2642 3960 2859 4014 demon-

590 4048 800 4100 stratur
853 4046 1038 4101 AB²R
1263 4047 1330 4100 16
1380 4045 1482 4099 hac
1542 4047 1823 4112 omissus,
1882 4043 2043 4099 huius
2096 4045 2209 4099 Mb
2428 4046 2670 4099 tractatu
2726 4046 2857 4112 Mb,

591 4132 772 4185 status
809 4131 859 4184 Z
880 4132 1140 4187 Canisius
1311 4132 1484 4185 nostri
1521 4148 1621 4185 om.
1658 4132 1731 4185 M
1739 4132 1770 4185 b
1942 4133 2093 4183 statu
2130 4130 2311 4197 ABF,
2365 4146 2466 4185 om.
2501 4130 2689 4191 MZb.
2748 4135 2859 4186 sta-

587 4221 679 4271 tus
734 4216 1002 4271 GEHRS
1023 4217 1142 4272 Βοὴ.
1387 4217 1716 4271 discursione
1774 4217 1884 4270 Mb
2129 4216 2192 4269 17
2256 4217 2566 4285 quantitate
2629 4216 2860 4281 HRSZ,

588 4301 844 4371 qualitati
871 4302 1150 4358 Cani-sius
1347 4302 1639 4371 subiaceat]
1677 4302 1859 4357 anima
1894 4300 2024 4355 add.
2061 4299 2135 4355 M
2142 4302 2173 4354 b
2382 4302 2449 4357 18
2482 4303 2856 4373 concedamus]

588 4389 770 4444 credas
797 4389 1055 4445 Schottus
1263 4389 1629 4443 demonstrare
1656 4404 1771 4442 eam
1796 4388 1872 4454 Z,
1930 4388 2296 4442 demonstrato
2320 4404 2434 4442 eam
2461 4389 2718 4445 Ganisius
