3175 5050
951 413 1039 465 De
1075 413 1268 466 statu
1307 411 1566 465 animae
1614 411 1673 465 II
1708 408 1791 464 12.
2375 413 2499 480 145

247 602 505 668 ubinam
548 619 716 668 nunc
759 604 970 667 exacta
1010 600 1426 666 uniuersitate
1473 618 1802 684 corporum
1845 617 2207 682 quaeremus
2253 602 2495 668 caelum

247 710 418 771 trans
462 722 642 770 omne
689 705 1123 770 mundanum?
1165 707 1272 769 sed
1313 705 1382 770 iu
1425 703 1540 769 hoc
1598 721 1786 785 opaco
1831 721 2037 768 rerum
2084 704 2496 788 caligantium

247 808 466 874 nubilo.
520 827 592 873 ex
649 808 856 892 adytis
911 808 1461 892 supercaelestium
1519 808 1945 872 doctrinarum
1992 807 2275 873 consulta
2316 827 2493 892 repe-

244 915 477 978 tamus.
549 913 627 977 in
671 910 1109 994 principio,
1155 911 1360 993 inquit
1405 910 1789 992 principium
1835 928 2143 993 geneseos,
2190 911 2495 977 creauit

201 1016 434 1080 sdeus
481 1015 795 1080 caelum
839 1016 916 1080 et
955 1019 1269 1080 terram.
1341 1015 1397 1079 si
1448 1014 1833 1097 opinionibus
1879 1015 2086 1078 missis
2134 1017 2268 1080 ueri
2309 1015 2496 1080 fidem

246 1120 621 1201 quaerimus,
693 1136 830 1184 ecce
896 1118 1014 1183 tibi
1084 1121 1509 1183 creaturarum
1579 1119 1805 1184 testem
1878 1117 2085 1200 ipsum
2158 1118 2493 1183 creationis

247 1224 582 1299 auctorem,
647 1222 754 1304 qui
820 1241 964 1286 cum
1028 1221 1172 1310 ante
1228 1239 1409 1286 omne
1461 1225 1713 1305 tempus
1768 1222 2073 1286 creauerit
2134 1221 2375 1286 caelum
2432 1226 2495 1286 et

243 1331 477 1390 terram
520 1326 782 1408 postque
827 1325 926 1390 die
971 1345 1095 1390 uno
1123 1325 1346 1390 fecerit
1395 1325 1604 1390 lucem
1634 1325 1699 1389 et
1728 1323 2195 1390 firmamentum
2224 1325 2493 1390 secundo

243 1428 466 1492 itidem
511 1429 612 1493 die
655 1428 998 1495 condiderit
1039 1430 1225 1512 idque
1269 1429 1513 1494 caelum
1541 1429 1794 1494 abusiuo
1825 1429 2075 1493 nomine
2102 1427 2493 1504 uocitauerit,

175 1557 224 1596 ιο
246 1533 345 1596 0111
374 1532 528 1597 ratis
559 1533 1039 1598 interuallorum
1068 1533 1376 1599 limitibus
1406 1534 1540 1598 loco
1562 1532 1668 1597 uel
1691 1533 1873 1598 modo
1902 1531 2289 1598 uariantium
2310 1548 2491 1615 porro

244 1634 514 1700 siderum
559 1639 924 1702 ornamenta
967 1637 1306 1716 subtexuit,
1361 1636 1782 1702 animaduerti
1825 1639 2184 1718 promptum
2228 1635 2326 1699 est
2373 1635 2489 1698 hoc

243 1737 494 1804 uisibile
523 1739 991 1804 firmamentum
1019 1743 1197 1806 tanto
1221 1740 1552 1806 interuallo
1576 1739 1963 1804 substantiae
1989 1739 2158 1804 caelo
2184 1737 2490 1803 inuisibili

245 1841 475 1922 cedere,
523 1842 756 1924 quanto
787 1842 1010 1908 itidem
1053 1847 1260 1908 terrae
1301 1843 1447 1910 imis
1490 1844 1770 1909 locorum
1814 1841 2272 1924 intercapedine
2302 1859 2483 1922 prae-

243 1944 534 2010 eminere.
611 1945 896 2028 quocirca
936 1945 1140 2010 alieno
1182 1965 1255 2011 ac
1297 1944 1682 2012 translaticio
1726 1946 1978 2012 nomine
2022 1944 2489 2010 firmamentum

173 2078 223 2118 15
241 2048 406 2112 istud
465 2047 702 2112 caelum
761 2049 884 2114 dici
943 2052 1172 2134 potest,
1233 2068 1377 2114 cum
1430 2068 1575 2117 uere
1630 2067 1759 2115 esse
1818 2051 2060 2114 caelum
2114 2049 2213 2113 illi
2282 2049 2488 2113 creato

241 2155 394 2246 ante&
425 2156 712 2234 tempora
757 2153 926 2218 caelo
969 2152 1058 2218 sit
1110 2155 1446 2237 proprium.
1521 2153 1837 2218 enimuero
1881 2153 2053 2219 istud
2096 2151 2493 2234 stelligerum

240 2258 400 2338 quod
446 2256 688 2322 caelum
733 2256 1000 2322 dicimus
1030 2259 1097 2322 in
1127 2259 1439 2341 scriptura
1480 2277 1778 2341 geneseos
1810 2257 1968 2322 caeli
2014 2256 2243 2322 dicitur
2272 2257 2492 2320 firma-

239 2363 542 2439 mentum,
601 2362 827 2447 quippe
881 2360 992 2426 ubi
1049 2362 1456 2428 luminarium
1511 2363 1889 2428 creationem
1947 2359 2205 2425 retexit:
2258 2359 2458 2424 fecit
2472 2408 2490 2441 ,

239 2463 464 2547 inquit,
533 2465 718 2529 deus
787 2465 931 2531 duo
996 2466 1422 2532 luminaria
1486 2483 1763 2551 magna
1828 2463 1911 2529 et
1952 2461 2224 2547 posuit
2282 2462 2493 2528 eain

168 2566 757 2638 20firmamento
801 2569 1026 2634 caeli.
1101 2588 1224 2652 qua
1281 2569 1578 2634 uidelicet
1635 2569 2009 2633 auctoritate
2063 2584 2283 2631 uerum
2326 2564 2489 2631 illud

237 2686 433 2737 unum
487 2675 636 2736 ante
690 2676 1160 2754 temporaneum
1206 2674 1450 2739 caelum
1493 2676 1736 2739 credere
1780 2672 2062 2748 sinimur,
2108 2686 2487 2753 quamquam

236 2774 409 2839 istud
453 2792 573 2856 quo
619 2776 697 2839 de
742 2774 985 2857 agimus
1030 2776 1495 2841 firmamentum
1538 2776 1783 2840 caelum
1826 2777 2027 2841 dicere
2072 2792 2193 2839 non
2246 2772 2491 2838 inhibe-

237 2897 419 2942 amur
462 2895 530 2941 eo
577 2879 891 2962 uidelicet,
950 2881 1094 2961 quia
1136 2880 1286 2945 deus
1341 2880 1812 2945 firmamentum
1865 2875 2186 2943 uocauerit
2228 2875 2488 2941 caelum.

323 2998 441 3067 Sed
509 3005 721 3069 mouet
785 3002 1037 3082 iterum,
1096 3001 1259 3085 quod
1315 3001 1473 3067 caeli
1521 3003 1587 3066 111
1631 3001 2007 3068 authenticis
2062 2996 2485 3065 uoluminibus

166 3128 220 3171 25
237 3123 359 3171 non
402 3106 572 3171 duali
616 3108 884 3184 tantum,
929 3104 1040 3171 sed
1083 3105 1312 3187 plurali
1356 3123 1617 3170 numero
1672 3123 1854 3188 saepe
1884 3103 2258 3170 uocitantur.
2337 3118 2488 3166 uero

439 3292 476 3347 4
508 3292 639 3347 Gen.
675 3295 725 3359 1,
766 3293 793 3348 1
1004 3294 1070 3347 18
1104 3292 1237 3347 Gen.
1274 3294 1321 3359 1,
1360 3293 1425 3347 16
1449 3308 1528 3363 sq.

338 3465 370 3518 1
405 3479 721 3534 quaeramus
760 3463 1026 3520 Galland.
1207 3462 1243 3517 4
1275 3462 1538 3531 principio
1573 3478 1641 3517 ex
1675 3460 1997 3531 principium
2033 3459 2081 3514 S
2256 3457 2290 3511 6
2326 3469 2483 3526 quae-

235 3566 414 3604 ramus
450 3549 572 3604 19οἢ.
585 3590 599 3613 ,
657 3564 936 3619 queremus
970 3548 1028 3603 R
1197 3548 1356 3601 testis
1391 3549 1467 3603 M
1643 3548 1757 3617 ipse
1791 3546 2045 3602 HLMS¹
2235 3544 2266 3598 7
2303 3542 2488 3597 auctor

234 3636 310 3689 M
507 3637 711 3689 creauit
755 3634 1043 3705 AHLSp²
1255 3635 1292 3689 8
1337 3634 1401 3689 de
1446 3651 1551 3688 11110
1604 3633 1657 3688 G
1860 3633 1973 3688 lum
2019 3631 2067 3686 S
2265 3630 2299 3683 9
2345 3626 2485 3681 idem

234 3721 344 3775 Mb
525 3722 680 3775 usiuo
718 3720 774 3777 R
969 3722 1037 3776 10
1071 3721 1347 3775 liminibus
1381 3720 1437 3775 R
1630 3721 1697 3773 11
1733 3719 2027 3773 subtexiuit
2062 3718 2135 3772 M
2329 3714 2396 3769 13
2429 3713 2489 3767 id

234 3808 374 3861 idem
420 3808 481 3877 b,
541 3806 684 3861 idem
729 3807 850 3863 Sck.
1055 3806 1436 3876 intercapidine
1478 3806 1584 3862 RS
1780 3805 2071 3874 preminere
2105 3801 2277 3866 BRS,
2336 3814 2487 3868 prae-

234 3895 434 3949 eminet
476 3898 547 3963 p²
820 3895 884 3948 15
941 3894 1056 3948 illic
1106 3894 1280 3949 BDE
1293 3893 1588 3949 ¹FHLRS
1860 3893 2036 3945 creata
2088 3888 2215 3943 libri
2256 3891 2486 3955 praeter

242 4018 506 4074 0E²GM
711 4018 777 4071 18
827 3990 1155 4073 creationum
1209 4016 1257 4072 S
1459 4017 1524 4070 19
1575 4032 1775 4085 magna
1818 4012 2105 4068 luminaria
2149 4010 2279 4065 libri
2316 4025 2487 4079 prae-

232 4110 314 4159 ter
346 4105 423 4159 M
622 4103 693 4157 20
728 4104 856 4173 quia
889 4104 965 4158 M
970 4104 1002 4159 b
1204 4105 1269 4159 21
1307 4104 1507 4176 sinitur
1543 4102 1619 4156 M
1623 4102 1676 4170 b,
1736 4100 1900 4155 simul
1935 4099 1988 4153 A
2177 4096 2245 4151 22
2282 4112 2385 4167 quo
2419 4096 2488 4151 de

239 4190 355 4258 OG,
415 4190 554 4262 quod
591 4191 665 4247 M
672 4190 704 4245 b
718 4232 731 4257 ,
791 4190 854 4245 de
889 4206 995 4260 quo
1029 4190 1147 4245 rell.·
1185 4196 1238 4247 et
1273 4190 1395 4247 Sch.
1576 4193 1705 4258 post
1740 4186 1909 4245 dicere
1945 4186 2127 4241 denuo
2160 4188 2487 4253 repetuntur
2522 4176 2533 4191 '

232 4278 405 4334 uerba
449 4277 940 4333 sinimur—dicere
981 4276 1046 4332 in
1092 4278 1146 4331 A
1348 4277 1416 4332 23
1468 4276 1684 4331 uocauit
1729 4276 1798 4344 μ’
2002 4272 2071 4327 25
2114 4288 2239 4327 uero
2287 4271 2485 4341 autem]

231 4381 416 4421 uerum
451 4368 484 4423 b

331 4468 428 4525 XI.
2216 4460 2285 4515 10
