3175 5050
651 469 777 536 150
1415 467 1790 522 Claudiani
1824 464 2142 522 Mamerti

733 640 906 740 Quid'
954 659 1031 723 de
1087 657 1198 724 illo
1244 658 1414 723 caelo
1475 657 1775 730 dicemus,
1837 660 2001 739 quod
2056 657 2309 724 domino
2362 659 2581 724 datum
2626 661 2739 740 est,
2789 679 2919 724 non

645 761 792 826 filiis
838 761 1208 826 hominum?
1253 778 1395 844 ergo
1440 759 1781 826 identidem
1828 761 1909 826 ad
1953 761 2198 844 eloquia
2243 763 2457 827 diuina
2492 779 2918 828 recurramus,

645 866 816 930 idem
858 883 1080 946 nempe
1145 864 1661 948 psalmographus
1727 864 1911 930 dicit:
1980 865 2489 932 confitemini
2556 866 2919 948 domine,

648 969 778 1051 qui
822 969 1022 1034 fecit
1067 968 1329 1033 caelos
1373 967 1450 1033 in
1506 966 1959 1033 intellectu.
2034 970 2319 1051 quocirca
2368 969 2420 1032 si
2465 968 2533 1033 in
2578 969 2921 1036 intellectu

649 1074 798 1138 sunt
842 1070 1018 1149 caeli,
1065 1088 1217 1154 quos
1261 1070 1510 1136 habitat
1539 1071 1715 1152 deus,
1762 1090 1876 1137 nec
1904 1070 2023 1136 11101
2052 1072 2484 1154 incorporeum
2516 1073 2763 1138 caelum
2794 1075 2921 1154 est,
2954 1097 2979 1137 5

634 1177 813 1259 ,quod
871 1176 1118 1240 domino
1176 1174 1394 1238 datum
1451 1177 1565 1248 est,
1613 1173 1914 1239 uidelicet
1971 1174 2073 1240 cui
2118 1178 2284 1240 terra
2327 1178 2423 1239 est
2467 1194 2649 1242 omne
2694 1195 2924 1258 corpo-

645 1297 823 1344 reum
867 1276 1108 1361 liquido
1155 1278 1352 1342 claret
1395 1294 1576 1343 omne
1624 1280 1785 1358 quod
1828 1276 2147 1362 intellegit
2202 1295 2326 1342 non
2356 1297 2494 1342 esse
2526 1296 2923 1360 corporeum.

646 1398 824 1464 porro
882 1379 1383 1448 substantialiter
1435 1379 1749 1445 humanus
1806 1380 2055 1445 animus
2108 1380 2443 1464 intellegit,
2502 1382 2925 1464 incorporeus

647 1485 845 1569 igitur
889 1485 985 1549 est
1029 1483 1274 1548 animus
1319 1481 1651 1547 humanus
1726 1501 1805 1546 en
1850 1481 1971 1547 tibi
2002 1485 2236 1548 terram
2268 1502 2927 1568 omnem‘corpoream

625 1592 1013 1668 ereaturam,
1060 1606 1137 1652 en
1181 1585 1304 1650 tibi
1351 1586 1593 1651 caelum
1637 1586 2058 1669 incorpoream
2101 1585 2720 1670 intellectualemque
2768 1589 2925 1654 sub·
2944 1618 2991 1655 ιο

649 1693 971 1758 stantiam.
1045 1708 1208 1755 nunc
1265 1689 1463 1772 igitur
1522 1688 1596 1752 ut
1653 1688 1856 1771 possis
1913 1708 2023 1771 per
2091 1692 2243 1755 duos
2310 1691 2512 1756 caelos
2577 1710 2782 1773 usque
2849 1693 2924 1756 111

648 1795 907 1860 tertium
966 1794 1208 1859 caelum
1249 1793 1447 1858 Paulo
1500 1795 1839 1874 praeeunte
1884 1792 2142 1876 raptari,
2188 1793 2546 1877 incorporeo
2608 1794 2707 1859 tui
2772 1795 2927 1860 uni-

649 1918 902 1964 uersum
987 1898 1349 1962 transmitte
1426 1914 1788 1979 corporeum
1869 1900 2129 1979 postque
2204 1898 2399 1963 etiam
2472 1899 2925 1981 incorporeum

650 2004 931 2066 creatum
995 2001 1284 2082 idemque
1341 1999 1646 2065 mutabile
1705 2000 1941 2065 acriore
1998 1999 2334 2067 admodum
2392 2003 2535 2066 nisu
2582 2004 2648 2066 et
2690 2001 2927 2068 uolatu

649 2103 988 2186 perniciore
1068 2101 1434 2168 transcende
1511 2105 1697 2185 atque
1754 2102 1981 2168 abhinc
2050 2104 2116 2168 in
2180 2104 2444 2169 tertium
2509 2104 2779 2184 caelum,
2850 2105 2927 2170 in
2944 2129 2990 2170 ιε

650 2207 842 2290 ipsius
865 2205 1260 2272 inmutabilis
1283 2207 1628 2287 incorporei
1652 2205 2017 2272 beatissima
2040 2207 2563 2291 contemplatione
2586 2208 2925 2290 requiesce

648 2313 849 2393 teque,
897 2315 1166 2376 humana
1209 2309 1436 2388 anima,
1484 2312 1905 2393 incorpoream
1950 2326 2151 2389 nosce,
2200 2312 2301 2374 cui
2344 2327 2455 2393 pro
2499 2313 2769 2376 naturae
2812 2330 2923 2376 ex-

647 2413 936 2479 cellentia
1007 2416 1370 2496 promptum
1443 2419 1537 2478 est
1612 2415 1802 2480 simul
1861 2414 1925 2479 et
1968 2431 2309 2496 congruum
2375 2415 2543 2478 inter
2610 2415 2747 2480 ima
2810 2416 2924 2480 uel

649 2536 895 2583 summa
953 2517 1050 2581 tui
1110 2517 1436 2600 tamquam
1481 2516 1799 2583 mediante
1844 2517 2201 2583 substantia
2242 2517 2348 2583 uel
2391 2516 2554 2584 infra
2597 2517 2925 2601 despicere

651 2638 868 2703 corpus
913 2621 1113 2687 imum
1156 2622 1258 2688 uel
1302 2641 1492 2705 supra
1537 2623 1893 2704 conspicere
1939 2626 2125 2689 deum
2171 2642 2511 2688 summum.
2942 2646 2991 2686 ao

735 2740 921 2806 Nunc
979 2746 1221 2825 egomet
1290 2743 1572 2809 sciscitor
1630 2745 1953 2810 adferasne
2012 2744 2189 2808 nobis
2246 2743 2440 2809 aliam
2500 2744 2575 2807 de
2636 2742 2923 2809 ternario

649 2844 960 2909 caelorum
1004 2864 1259 2910 numero
1306 2866 1377 2911 ac
1421 2847 1788 2912 diuersitate
1833 2847 2153 2929 rationem,
2200 2863 2390 2927 quam
2422 2846 2677 2929 quidem
2710 2848 2920 2929 cupio,

651 2949 759 3013 sed
824 2948 1020 3031 liquet
1093 2949 1574 3033 haudquaquam
1644 2950 1781 3015 dari
1826 2969 1865 3015 a
1909 2968 2220 3033 quoquam
2287 2968 2481 3031 posse,
2554 2950 2678 3015 nisi
2748 2951 2923 3015 inter

652 3068 871 3133 corpus
929 3054 994 3115 et
1049 3054 1233 3119 deum
1289 3057 1513 3119 natura
1557 3072 1625 3118 se
1668 3053 2057 3121 substantiae
2114 3052 2513 3135 incorporalis
2556 3054 2920 3137 interserat,

650 3154 796 3236 quia
837 3155 894 3219 si
937 3156 1095 3222 nihil
1140 3160 1370 3239 absque
1417 3158 1528 3223 deo
1585 3156 1710 3222 nisi
1767 3175 1987 3239 corpus
2032 3159 2147 3236 est,
2193 3174 2316 3221 11011
2360 3158 2490 3221 tres
2537 3174 2679 3239 ergo
2728 3156 2918 3236 caeli,
2939 3180 2989 3220 2⁵

649 3256 756 3320 sed
813 3258 933 3323 duo
993 3260 1158 3335 sunt,
1215 3260 1290 3324 ut
1350 3280 1548 3325 unum
1604 3261 1802 3326 ferme
1860 3262 2100 3325 caelum
2159 3260 2246 3325 sit
2314 3278 2493 3324 omne
2561 3277 2783 3342 corpus
2859 3262 2925 3323 et

649 3363 886 3427 creator
931 3367 1200 3445 corporis
1243 3362 1439 3429 aliud.
1513 3382 1732 3428 uerum
1778 3363 2070 3446 quoniam
2116 3382 2237 3429 non
2283 3364 2455 3427 trans
2487 3362 2773 3439 tertium,
2808 3365 2921 3428 sed

855 3573 890 3625 3
925 3571 1124 3626 Psalm.
1165 3574 1281 3637 135,
1318 3574 1353 3627 3
1389 3576 1445 3627 et
1481 3574 1513 3626 5

751 3772 782 3823 1
836 3769 1066 3823 dicimus
1115 3768 1245 3822 libri
1285 3772 1516 3837 praeter
1577 3768 1831 3823 0EG²M
1873 3774 1925 3823 et
1970 3768 2095 3824 Sch.
2303 3769 2337 3821 2
2389 3769 2667 3824 redeamus
2728 3772 2781 3827 G

647 3857 682 3909 3
716 3855 836 3912 idel!
869 3857 925 3909 A
1072 3854 1108 3907 4
1143 3855 1204 3907 in
1220 3860 1346 3923 post
1370 3855 1419 3909 si
1447 3870 1546 3908 om.
1581 3853 1777 3909 AB¹G
1914 3855 1947 3908 9
1982 3857 2064 3908 est
2085 3854 2257 3923 igitur
2292 3856 2347 3911 R
2486 3858 2634 3913 terra
2667 3858 2747 3911 M
2751 3857 2782 3910 b

649 3942 718 3997 10
769 3940 1154 4009 substantiam]
1207 3942 1504 3995 creaturam
1551 3944 1622 4009 2⁹²
1829 3940 1895 3994 12
1945 3942 2143 4011 peunte
2198 3942 2296 3997 GR
2506 3943 2571 3996 15
2624 3944 2919 4011 perciniore

654 4061 700 4115 Ο
837 4063 902 4115 16
935 4034 1067 4129 ipsis
1103 4060 1152 4115 S
1339 4062 1404 4115 17
1439 4061 1728 4115 humanam
1764 4062 1999 4115 animam
2034 4064 2091 4119 R
2286 4079 2441 4117 nosse
2475 4064 2532 4120 R
2724 4068 2921 4119 natura

647 4147 705 4201 R
889 4148 952 4201 18
989 4147 1124 4201 imat
1169 4148 1216 4202 Ο
1382 4148 1493 4201 ima
1517 4149 1609 4202 uel
1634 4154 1845 4201 summa
1879 4149 1990 4202 Mb
2174 4150 2240 4203 19
2276 4150 2483 4218 despice
2518 4150 2599 4215 A,
2656 4150 2919 4219 dispicere

647 4232 705 4287 R
911 4232 979 4285 22
1023 4248 1242 4286 numero
1281 4234 1547 4288 caelorum
1583 4228 1663 4286 M
1692 4231 1926 4287 editores
2131 4235 2288 4303 cupio
2324 4234 2435 4303 sed]
2474 4237 2685 4304 copiose
2730 4237 2781 4291 G

647 4316 717 4372 23
769 4317 896 4371 licet
948 4318 1017 4383 0,
1076 4318 1210 4371 libet
1267 4319 1322 4374 R
1525 4319 1595 4373 24
1648 4318 1925 4373 substante
1978 4320 2033 4375 R
2241 4322 2527 4397 corporalis
2574 4320 2631 4377 R
2654 4320 2777 4378 Sca.

647 4404 715 4458 27
753 4402 895 4471 quod
930 4402 1188 4456 BDE¹F
