3175 5050
2479 454 2609 510 1111

363 620 779 688 arithmeticis
821 623 884 700 b,
927 624 1083 704 quid
1123 624 1214 704 M,
1261 641 1380 692 om,
1425 621 1582 700 relL,
1631 622 1773 701 188,
1824 622 1903 688 16
1942 622 2309 702 praepedito
2350 622 2405 702 b,
2452 643 2613 704 pr&

361 723 491 788 dito
534 725 633 804 M,
687 725 978 807 praediti
1019 727 1122 798 uel
1154 725 1478 807 praedicti
1521 725 1670 812 fere,
1694 723 1831 790 rell.
2198 807 2211 822 α

447 843 725 925 Denique
757 845 1030 910 codicem
1059 846 1130 911 M
1159 845 1488 928 permultis
1521 843 1676 909 locis
1708 862 1849 908 oum
1880 843 1969 907 eis
1998 843 2196 920 libris,
2228 843 2333 926 qui
2362 847 2617 927 praeten-

360 946 435 1011 ΜΞ
473 945 592 1014 fide
639 945 986 1030 dignissimi
1030 947 1302 1014 habendi
1345 948 1495 1012 sunt
1542 946 1704 1029 (dico
1750 945 2007 1029 GE20),
2053 949 2403 1030 conspirare
2430 947 2605 1012 addi-

361 1067 518 1128 mm,
585 1051 750 1114 unde
817 1052 966 1132 quin
1031 1069 1104 1117 ex
1165 1051 1402 1133 optimo
1471 1051 1644 1116 fonte
1707 1051 2075 1133 descriptuS,
2144 1069 2267 1114 non
2332 1069 2371 1114 a
2429 1052 2605 1116 docto

359 1151 628 1232 libnarjo.
665 1154 976 1236 exemplar-
1019 1154 1278 1220 fortasse
1325 1153 1595 1219 deterius
1640 1172 1750 1218 suo
1778 1152 1985 1218 Marte
2028 1153 2182 1219 locis
2217 1170 2405 1235 supra
2448 1154 2607 1219 alla-

358 1255 444 1318 tis
486 1258 651 1320 recte
697 1257 1040 1340 corrigente
1085 1258 1367 1324 exaratus
1417 1259 1521 1340 sit,
1567 1257 1840 1324 dubitari
1883 1276 2009 1321 non
2054 1259 2281 1339 potest.

443 1385 612 1450 Haec
655 1386 783 1451 fere
827 1387 1098 1476 dicenda.
1133 1391 1314 1454 erant
1343 1389 1418 1452 de
1450 1387 1679 1454 codicis
1726 1387 1795 1452 M
1836 1387 2071 1452 uirtute
2102 1404 2175 1449 ac
2204 1386 2602 1467 praestantia.

358 1489 467 1552 sed
535 1492 768 1569 quanta
832 1490 916 1554 sit
982 1509 1133 1572 opus
1190 1489 1469 1556 cautione
1526 1492 1594 1555 in
1648 1508 1717 1554 eo
1763 1489 1923 1554 libro
1968 1487 2333 1568 adhibend0‚
2394 1507 2465 1551 ex
2506 1487 2608 1551 in-

358 1591 633 1655 numeris
692 1591 1290 1674 interpolationibus·
1316 1597 1378 1658 et
1422 1592 1667 1657 mendis
1712 1593 1937 1668 elucet,
2000 1591 2223 1674 quibus
2279 1591 2400 1654 iste
2441 1590 2608 1655 liber

355 1711 465 1774 pro
523 1694 859 1762 recentiore
920 1714 1042 1777 qua
1099 1696 1365 1778 scriptus
1427 1698 1524 1760 est
1573 1697 1781 1762 aetate
1824 1695 2185 1778 inquinatus
2230 1696 2343 1760 est.
2415 1695 2603 1778 atque

356 1798 430 1861 ut
470 1797 744 1880 primum
789 1798 864 1863 de
906 1799 1488 1882 interpolationibus
1535 1798 1790 1865 consilio
1836 1799 2023 1862 factis
2069 1797 2477 1879 disputemus,
2534 1816 2607 1860 ex

357 1898 660 1966 immenso
707 1920 921 1966 earum
975 1921 1232 1969 numer-o
1287 1903 1394 1969 has
1451 1901 1897 1987 deprompsisse
1954 1901 2107 1964 satis
2163 1901 2310 1966 erit:
2379 1899 2476 1978 10,
2524 1899 2607 1964 14

356 2003 518 2083 quod
560 2005 738 2068 cuius
768 2003 1050 2085 periculi
1090 2006 1192 2088 sit]
1239 2025 1294 2087 q.
1344 2025 1397 2070 c.
1434 2004 1799 2086 periculum
1840 2023 1891 2070 s.
1939 2003 2007 2067 Μ
2023 2051 2038 2081 ,
2101 2004 2200 2081 10,
2255 2004 2334 2069 16
2375 2004 2454 2067 in
2493 2003 2602 2070 hoc

357 2107 666 2171 tractatus
693 2107 894 2170 nostri
921 2108 1118 2192 statu]
1166 2108 1240 2174 in
1289 2107 1401 2175 hoc
1441 2111 1727 2172 tractatu
1767 2106 1855 2187 M,
1904 2107 2002 2186 11,
2034 2106 2082 2172 4
2116 2107 2312 2189 παρα]
2360 2125 2607 2172 uacans

352 2207 456 2288 M,
525 2208 627 2287 11,
677 2210 756 2277 13
822 2207 1074 2296 coyitat]
1135 2213 1438 2294 coyitauit
1491 2211 1564 2276 M
1631 2212 1880 2295 propter
1942 2227 2207 2292 sequens
2276 2208 2600 2290 satisfecit,

361 2310 460 2391 13,
510 2314 542 2377 1
613 2312 894 2378 libertati
957 2317 1324 2400 operantur]
1397 2315 1743 2380 libertatem
1798 2334 1851 2380 o.
1909 2313 1979 2383 M
1992 2364 2011 2399 ,
2080 2314 2193 2393 13„
2224 2313 2267 2376 5
2333 2312 2605 2394 coyitata

353 2434 562 2480 rerum
617 2417 830 2480 causis
873 2419 1188 2502 concepta]
1253 2439 1304 2483 c.
1347 2439 1402 2482 r.
1449 2438 1502 2485 c.
1537 2417 1856 2506 ,conceptis
1898 2418 1999 2494 M,
2070 2417 2177 2496 14,
2216 2415 2257 2478 9
2300 2414 2391 2502 ut]
2440 2417 2605 2497 quod

352 2518 453 2595 M,
525 2518 624 2599 14,
673 2519 750 2583 17
808 2518 1121 2607 describit]
1179 2519 1514 2602 descripsit
1563 2520 1663 2600 M,
1736 2519 1853 2599 15,
1886 2518 1966 2584 12
2020 2517 2262 2601 corpus]
2319 2517 2455 2599 ipse
2510 2518 2599 2595 M,

358 2621 457 2700 17,
519 2620 598 2684 15
655 2622 904 2687 nullius
957 2623 1264 2708 facturae]
1321 2622 1505 2687 nulla
1554 2625 1813 2699 factura
1854 2622 1954 2707 M,
2025 2623 2125 2702 19,
2170 2622 2211 2685 3
2262 2621 2606 2703 fraudatus

351 2725 644 2807 temporis
688 2730 745 2790 et
785 2730 1122 2809 occupatus
1163 2724 1392 2813 animi]
1449 2727 1500 2808 f.
1559 2730 1828 2808 tempore
1871 2730 1929 2790 et
1972 2744 2024 2789 0.
2070 2726 2288 2791 animo
2332 2724 2429 2805 M,
2498 2724 2601 2808 23,

357 2826 438 2890 19
479 2827 540 2890 si
597 2828 830 2893 eosdem
885 2831 1099 2893 artwm
1151 2828 1606 2910 disputationis
1661 2828 1975 2913 includat]
2034 2828 2093 2892 si
2148 2828 2384 2893 eosdem
2425 2831 2600 2892 artos

351 2914 821 3013 disputaciones
862 2930 1200 2996 includant
1243 2930 1311 2995 M
1339 2928 1411 3015 ¹).

435 3060 602 3141 Quas
655 3062 1162 3143 interpolationes
1221 3079 1291 3125 eo
1349 3060 1601 3126 oonsilio
1660 3062 1861 3127 factas
1920 3079 2047 3125 esse
2100 3080 2138 3125 a
2194 3059 2469 3138 librario,
2527 3062 2599 3126 ut

351 3164 541 3228 uerba
585 3165 684 3230 uel
729 3168 918 3231 etiam
961 3165 1285 3231 enuntiata
1315 3185 1385 3230 ex
1415 3184 1530 3229 sua
1559 3166 1869 3231 sententia
1898 3169 2189 3247 corrupta
2217 3165 2594 3242 emendaret,

351 3268 552 3348 primo
595 3266 818 3333 obtutu
861 3267 1274 3349 intellegitur.
1331 3268 1593 3332 eandem
1624 3270 1699 3333 ob
1730 3286 1979 3333 causam
2021 3267 2125 3331 uel
2168 3267 2595 3333 additamenta

558 3508 596 3576 ¹)
633 3507 696 3561 cf.
734 3510 1003 3575 praeterea
1035 3509 1122 3572 26,
1161 3510 1227 3563 15
1259 3507 1568 3563 indicatum
1603 3509 1799 3578 uoluit]
1836 3508 2087 3563 indicare
2121 3526 2176 3563 u.
2212 3509 2271 3562 M
2307 3509 2395 3577 (cf.
2422 3512 2539 3575 111,
2564 3510 2597 3563 7

343 3592 636 3659 probatum
669 3594 826 3663 uelis]
855 3595 1100 3661 probare
1135 3611 1195 3649 u.
1231 3594 1328 3657 M),
1385 3594 1471 3661 32,
1507 3595 1575 3647 15-
1623 3595 1727 3649 alti
1763 3596 2060 3663 prolapsus
2094 3596 2311 3665 erroris]
2358 3597 2470 3651 alto
2507 3614 2603 3666 pr.

349 3692 532 3731 errore
574 3678 657 3744 M,
717 3679 800 3745 51,
846 3680 918 3733 25
962 3696 1170 3733 omnem
1213 3680 1326 3749 qui]
1375 3696 1532 3735 omne
1576 3680 1721 3749 quod
1763 3680 1837 3746 Μ,
1893 3681 1974 3746 71,
2010 3682 2043 3735 6
2090 3682 2269 3749 confit]
2316 3683 2603 3749 conficitur

347 3764 431 3829 M,
486 3764 602 3831 122,
649 3766 715 3820 19
760 3766 1130 3835 diuinitatem]
1177 3768 1555 3821 aeternitatem
1600 3767 1682 3832 M,
1737 3768 1855 3833 143,
1902 3767 1971 3821 20
2015 3769 2427 3823 transmiserint
2448 3798 2508 3808 --
2528 3770 2601 3823 si-

346 3856 548 3905 stentes
563 3880 632 3890 —-
649 3852 1005 3907 tranaucrint
1024 3884 1083 3893 —
1109 3852 1460 3922 constiterint]
1499 3854 1863 3906 transmiserit
1888 3882 1954 3891 —
1975 3853 2169 3906 sistens
2194 3884 2257 3893 —-
2281 3856 2603 3909 tranauerit

348 3965 414 3977 -
438 3938 738 3991 constiterit
771 3937 854 4003 M,
918 3938 1033 4003 146,
1066 3938 1102 3991 4
1146 3937 1323 4007 sodes]
1359 3939 1409 3992 si
1442 3938 1612 3991 audes
1646 3938 1727 4003 M,
1791 3938 1907 4003 149,
1948 3938 2013 3991 14
2055 3938 2399 4007 spectamini]
2444 3954 2602 4007 aspe-

345 4023 460 4077 ctui
505 4022 589 4087 M,
651 4022 766 4088 151,
802 4023 836 4076 9
881 4023 1028 4077 datis
1071 4024 1281 4091 aliquot
1324 4022 1562 4093 indiciis]
1604 4024 1655 4079 d.
1692 4024 1964 4091 aliquibus
1996 4024 2033 4077 i.
2068 4022 2153 4087 Μ,
2216 4023 2329 4087 152,
2368 4023 2433 4075 12
2480 4040 2603 4077 cum

347 4122 572 4175 corpore
605 4124 681 4161 an
713 4109 833 4161 sine
867 4109 1108 4178 corpore]
1145 4110 1264 4162 siue
1297 4110 1361 4163 in
1397 4124 1623 4177 corpore
1655 4109 1773 4162 siue
1810 4114 1965 4162 extra
2000 4122 2197 4174 corpus
2242 4106 2326 4172 M,
2382 4106 2495 4172 156,
2534 4105 2599 4159 12

345 4194 678 4262 ignorantis]
715 4193 1004 4247 nescientis
1038 4194 1122 4257 M,
1177 4193 1292 4260 189,
1330 4193 1397 4247 10
1433 4210 1601 4249 causa
1632 4194 1737 4263 tui]
1787 4194 1971 4247 causis
2004 4192 2117 4246 tuis
2152 4192 2236 4260 Μ,
2290 4192 2356 4245 cf.
2392 4192 2477 4257 21,
2512 4192 2600 4246 24.

345 4278 429 4343 24,
469 4280 549 4333 11.
587 4279 668 4343 26,
704 4280 753 4332 4.
794 4281 873 4333 11.
912 4280 993 4332 17.
1029 4280 1113 4345 30,
1155 4280 1233 4333 13.
1271 4280 1356 4344 35,
1391 4280 1440 4332 2.
1479 4280 1559 4333 17.
1595 4282 1679 4347 46,
1709 4280 1790 4335 15.
1825 4280 1908 4345 47,
1948 4279 2029 4334 12.
2065 4278 2149 4344 54,
2185 4280 2232 4333 5.
2272 4278 2355 4344 66,
2394 4278 2476 4332 10.
2515 4278 2597 4343 70,

345 4364 394 4416 5.
433 4364 514 4429 73,
553 4365 634 4419 13.
674 4365 753 4429 74,
791 4366 840 4419 5.
882 4366 994 4431 158,
1035 4367 1082 4421 1.
