3175 5050
999 455 1090 509 Do
1123 456 1316 509 statu
1350 426 1615 509 animale
1649 455 1680 509 1
1715 455 1801 509 23.
2441 455 2522 522 81

267 648 394 714 ista
437 646 592 712 mihi
639 650 737 712 est
781 645 1086 729 quidquid
1131 664 1396 729 usquam
1441 646 1719 712 colorum
1764 644 2225 727 formarumque
2270 645 2425 721 uidi,
2457 645 2525 711 in

265 750 381 815 hac
425 749 728 833 quidquid
769 748 1106 815 uerborum
1151 750 1257 815 uel
1304 766 1599 814 sonorum
1643 767 1755 830 per
1800 766 1981 813 aures
2023 747 2251 830 accepi,
2298 748 2365 814 in
2410 748 2531 814 hac

267 852 572 937 quidquid
616 854 877 919 odorum
917 871 1032 937 per
1074 871 1254 918 nares
1299 852 1558 929 adtraxi,
1620 853 1687 918 in
1731 851 1850 916 hac
1895 850 2195 935 quidquid
2238 868 2525 933 saporum

268 956 630 1022 diuersitate
675 956 954 1039 cognoui,
1001 956 1069 1021 in
1111 956 1232 1021 hac
1275 954 1579 1037 quidquid
1637 957 1811 1021 tactu
1855 955 2185 1021 nuntiante
2230 954 2523 1035 clientelli,

225 1058 338 1125 sin
379 1058 496 1125 hac
537 1058 701 1125 mihi
736 1058 1016 1141 reposita
1059 1057 1328 1141 quodam
1372 1059 1558 1123 modo
1604 1060 1753 1123 sunt
1787 1061 1850 1122 et
1894 1059 2332 1141 grammatica,
2380 1077 2526 1124 cum

267 1166 345 1230 de
414 1162 760 1229 dialecticis
825 1163 1086 1241 dissero,
1147 1166 1210 1227 et
1275 1161 1614 1243 rhetorica,
1685 1180 1828 1227 cum
1874 1164 1951 1227 de
1996 1161 2415 1247 geometricis,
2463 1165 2531 1228 et

269 1266 665 1349 astrologica,
713 1285 855 1331 cum
888 1264 963 1329 de
991 1266 1268 1342 musiciS,
1313 1269 1378 1329 et
1407 1266 1526 1330 hae
1557 1264 1750 1330 simul
1782 1282 2013 1344 omnes,
2046 1277 2189 1331 cum
2220 1267 2297 1331 de
2328 1264 2526 1331 arith-

267 1368 547 1436 meticis:
593 1370 770 1436 iuxta
812 1368 1046 1435 formas
1090 1367 1366 1453 partium
1409 1368 1651 1446 mundi,
1696 1386 1851 1451 quas
1880 1368 2087 1447 uideo,
2135 1368 2209 1433 de
2245 1367 2341 1435 his
2372 1387 2530 1452 quas

265 1491 391 1539 non
434 1473 616 1539 uideo
677 1472 1169 1539 adminiculante
1213 1471 1460 1537 ratione
1516 1489 1889 1555 cognoscens
1933 1472 2295 1557 incorporea
2341 1492 2531 1537 mun-

199 1603 252 1643 10
269 1578 422 1643 dum
466 1575 814 1659 capacitate
857 1575 1230 1657 conplector.

1257 1832 1534 1917 xxm.

266 2024 458 2083 QVOD
515 2024 738 2071 AMMA
796 2022 1236 2072 INGORPOREA
1294 1995 1897 2072 mconpoizALl'rER
1946 2022 2203 2071 VIDEAT
2248 2024 2384 2071 PER
2426 2024 2525 2093 SE,

844 2126 1203 2176 OORPOREA
1246 2128 1432 2176 VERO
1484 2128 1621 2176 PER
1665 2127 1944 2175 CORPVS.

354 2265 472 2331 Sed
516 2266 670 2332 diois
701 2265 890 2331 mihi:
938 2285 1090 2331 non
1133 2265 1497 2331 mundum
1544 2264 1915 2330 memoria
1958 2266 2529 2348 conplecteriS‚

201 2371 401 2435 used
468 2367 820 2451 figuram
885 2369 1172 2434 mundi.
1246 2370 1351 2434 uel
1417 2388 1488 2432 ex
1547 2368 1663 2432 hoc
1721 2368 2015 2452 intellege
2074 2368 2351 2433 animam
2401 2385 2529 2434 non

268 2492 401 2540 esse
446 2490 816 2556 corpoream,
864 2471 1012 2555 quia
1055 2471 1232 2537 uides
1276 2471 1535 2537 eandem
1589 2488 1701 2536 nec
1756 2468 2097 2552 corporalia
2130 2470 2530 2554 corporaliter

268 2594 449 2658 posse
495 2577 870 2657 conspicere.
944 2576 1088 2640 huic
1135 2592 1280 2657 ergo
1324 2573 1753 2658 superpositus
1799 2577 1895 2638 est
1937 2591 2061 2639 non
2105 2574 2261 2652 loco,
2309 2576 2417 2641 sed
2460 2574 2529 2640 ui

269 2697 341 2744 ac
383 2678 666 2761 potentia
710 2677 924 2743 oculus
971 2678 1246 2759 quidam,
1316 2679 1422 2760 qui
1487 2678 1622 2742 siue
1669 2676 1931 2760 spiritus
1990 2676 2127 2742 siue
2172 2696 2349 2742 mens
2394 2678 2528 2742 siue

267 2782 624 2848 intellectus
671 2800 866 2846 unum
911 2783 1100 2863 atque
1143 2782 1311 2847 idem
1357 2781 1472 2859 est,
1527 2782 1646 2846 etsi
1693 2781 1938 2846 diuerso
1982 2780 2229 2848 nomine
2274 2779 2526 2844 dicitur.

199 2913 254 2955 20
271 2902 413 2970 ergo
459 2888 621 2969 quod
665 2887 761 2951 est
806 2885 968 2967 lapis
1013 2885 1094 2950 ad
1154 2885 1501 2951 inanimum
1559 2887 1805 2964 uiuens,
1868 2883 1984 2949 hoc
2042 2884 2388 2949 inanimum
2433 2886 2529 2949 ui-

267 3008 421 3055 uens
482 2992 558 3055 ad
605 2990 953 3055 animatum
1010 2988 1250 3068 uiuenS,
1311 2989 1376 3053 et
1433 2989 1599 3072 quod
1653 2990 1749 3055 est
1792 2988 2143 3054 inanimum
2186 2986 2406 3052 uiuens
2450 2987 2533 3052 ad

375 3279 402 3332 1
451 3293 691 3347 unquam
728 3277 998 3332 Baethius
1201 3275 1435 3329 calorum
1471 3276 1528 3332 R
1733 3275 1768 3328 4
1812 3275 2060 3330 nuntiate
2105 3277 2161 3332 R
2368 3277 2401 3330 6
2447 3291 2528 3328 re-

269 3371 478 3428 thorica
510 3372 616 3428 RS
816 3371 848 3426 7
889 3369 1180 3439 astrologia
1214 3368 1524 3434 ABDEF‚
1584 3370 1963 3438 astrologicam
1999 3370 2056 3426 R
2262 3369 2365 3423 hee
2397 3369 2529 3436 DG,

269 3466 339 3520 he
373 3465 446 3534 F,
503 3467 634 3520 haec
669 3466 787 3522 rell.
826 3469 880 3518 et
915 3463 1165 3527 editores,
1200 3479 1341 3530 quae
1373 3465 1580 3518 nomin.
1610 3465 1763 3532 plur.
1798 3463 1989 3529 femin.
2021 3463 2205 3530 forma
2236 3464 2417 3518 nescio
2451 3479 2533 3517 an

270 3569 566 3624 retinenda
615 3570 689 3624 sit
893 3583 1072 3622 omnes
1126 3569 1214 3636 (se.
1270 3582 1357 3619 ars
1409 3567 1789 3636 grammatica,
1843 3565 2128 3628 rhetorica,
2183 3565 2527 3634 astrologica,

270 3672 344 3737 ef.
360 3686 493 3740 pay.
518 3674 606 3735 87,
630 3673 716 3736 11)
752 3668 1282 3736 ABGDFGMRS,
1337 3656 1451 3723 offis
1486 3669 1671 3732 EHL,
1726 3669 1903 3722 omnia.
1939 3667 2175 3721 editores
2368 3669 2401 3722 8
2436 3685 2529 3736 pa-

269 3774 416 3826 trum
471 3773 548 3826 M
745 3775 779 3826 9
830 3774 1152 3842 complector
1202 3772 1464 3827 mundum
1517 3771 1813 3839 capacitate
1864 3773 2174 3838 incorporea
2226 3771 2321 3826 M2
2355 3770 2531 3823 literis

268 3892 650 3964 superscriptis
685 3898 735 3946 et
771 3893 802 3946 b
999 3896 1064 3948 10
1099 3896 1379 3963 conpector
1412 3894 1484 3946 H
1674 3894 1738 3948 16
1774 3908 1881 3963 qua
1913 3891 2149 3964 ABGR,
2204 3863 2240 3959 ᾇ
2274 3889 2368 3954 Μ,
2424 3904 2527 3957 quo

270 3997 328 4064 b,
391 3996 534 4065 quod
573 4013 618 4064 p
823 4012 916 4050 nec
951 3997 1263 4066 corporalia]
1300 3997 1608 4064 incorporea
1645 3996 1698 4051 G
1903 3993 2211 4063 corporalia]
2259 4008 2355 4046 nec
2402 3992 2528 4046 add.

261 4133 306 4186 p
513 4117 580 4170 18
615 4087 828 4184 quidem
865 4115 912 4171 S
1109 4118 1176 4170 19
1211 4132 1348 4170 unus
1383 4117 1657 4172 Bar-thius
1853 4129 2005 4167 uerso
2041 4113 2117 4167 M
2123 4113 2154 4167 b
2360 4111 2427 4167 20
2462 4112 2528 4166 ad

268 4221 507 4274 animum
552 4217 1080 4283 ABO¹F¹HLR¹S,
1139 4218 1208 4272 ad
1252 4220 1609 4273 inanimatum
1653 4218 1788 4272 DR²
1999 4215 2116 4284 hoc}
2164 4217 2248 4268 est
2295 4214 2425 4270 add.
2471 4215 2527 4270 B

273 4305 535 4362 Galland.
754 4307 817 4359 21
867 4307 950 4358 est
994 4319 1094 4358 om.
1142 4305 1271 4359 libri
1314 4311 1539 4373 praeter
1593 4303 1766 4359 GGM
1800 4307 1851 4356 et
1884 4301 2002 4359 Βοὴ.
2210 4301 2532 4372 inanimum}

267 4392 627 4446 inanimatum
661 4390 817 4458 DR2,
878 4391 1116 4445 animum
1151 4389 1207 4444 B

369 4493 465 4548 XI.
2290 4491 2322 4544 6

3116 676 3142 906 „-.,..-.,‚...0
3112 501 3163 656 ,ις-ρης·
3116 461 3130 474 ν
3104 135 3148 440 -τ-ῡῡῒ-’πβμ-’.ε
3110 58 3119 69 ·
3128 4 3150 23 ,.

3161 886 3163 893 .
3150 611 3165 853 -“-,-...Ᾰ-,1
3150 507 3160 570 ·”““
3150 398 3165 432 '0
3154 114 3163 121 ο
