3175 5050
997 419 1089 473 De
1123 418 1320 473 statu
1352 417 1615 473 animae
1650 417 1681 472 Ι
1718 416 1799 475 12.
2444 418 2531 485 55

266 606 425 673 illud
488 608 648 690 quod
701 606 1017 689 apostolus
1077 604 1262 672 dixit:
1323 607 1399 671 et
1443 623 1765 690 corpora
1808 603 2199 672 caelestia
2244 609 2325 671 et
2370 624 2530 671 cor-

265 727 452 792 pora
494 708 975 790 terrestria,
1034 709 1399 775 utrumnam
1445 710 1521 775 de
1564 708 1804 795 angelis
1857 726 1939 775 an
1979 706 2057 775 de
2098 707 2407 775 sideribus
2449 726 2533 773 an

275 811 426 899 (de)
475 812 740 879 terrenis
784 812 1136 897 quibusque
1167 811 1546 895 corporibus,
1576 815 1653 879 de
1683 810 1911 897 quibus
1938 830 2065 878 non
2094 814 2193 878 est
2222 811 2531 894 quaestio,

269 914 558 1001 intellegi
615 917 904 997 uoluerit,
966 936 1039 983 ex
1097 915 1619 1000 consequentibus
1675 915 2023 999 adparebit.
2097 915 2535 981 indisiunctim

229 1037 540 1102 suamque
566 1039 710 1086 mox
739 1019 934 1087 adicit
962 1038 1037 1086 ac
1068 1020 1254 1087 dicit:
1286 1021 1453 1086 alia
1496 1020 1986 1087 caelestium
2029 1019 2323 1104 gloria,
2368 1018 2537 1085 alia

271 1126 528 1189 autem
573 1124 1104 1189 terrestrium.
1175 1125 1239 1189 et
1283 1141 1440 1206 quae
1481 1124 1607 1189 ista
1652 1122 1945 1190 caelestia
2000 1123 2207 1189 essent
2260 1139 2533 1207 corpora,

271 1226 349 1291 ut
412 1225 734 1292 euidenter
799 1225 1183 1293 ostenderet:
1249 1227 1444 1307 alia,
1512 1224 1738 1310 inquit,
1795 1226 2131 1293 claritas
2186 1224 2394 1291 solis
2459 1228 2537 1289 et

275 1325 436 1393 alia
519 1328 863 1395 claritas
951 1328 1188 1395 lunae
1279 1330 1358 1395 et
1443 1328 1608 1395 alia
1688 1329 2021 1394 claritas
2096 1328 2537 1395 stellarum.

276 1431 528 1497 stella
601 1432 812 1498 enim
886 1432 978 1498 ab
1051 1433 1306 1499 stella
1384 1431 1684 1498 differt
1753 1432 1834 1499 in
1898 1431 2179 1517 gloria.
2268 1432 2385 1498 ita
2458 1433 2538 1495 et

209 1536 764 1603 1oresurrectio
810 1539 1314 1615 mortuorum,
1362 1535 1627 1601 eandem
1670 1533 1913 1602 scilicet
1958 1534 2200 1615 docenS,
2249 1552 2406 1617 quae
2436 1536 2535 1599 est

274 1637 346 1701 in
411 1636 686 1708 siderum
752 1640 1056 1720 qualitate
1119 1638 1554 1721 discrepantia,
1622 1637 2135 1705 resuscitatorum
2200 1654 2537 1721 corporum

275 1740 409 1806 fore
451 1759 562 1824 pro
606 1741 977 1807 meritorum
1022 1741 1391 1809 diuersitate
1447 1741 1836 1807 distantiam.
1910 1741 2013 1808 hic
2054 1739 2276 1822 utique
2305 1738 2539 1821 absque

277 1843 568 1928 ambiguo
636 1845 851 1911 doctor
915 1846 1201 1928 gentium
1266 1846 1346 1912 de
1409 1844 1545 1911 sola
1606 1842 2062 1910 resurrectione
2122 1842 2538 1907 humanorum

281 1965 604 2029 corporum
649 1947 978 2031 disputans
1022 1948 1208 2014 huius
1237 1947 1412 2013 modi
1441 1945 1988 2030 conparationibus
2020 1964 2171 2012 usus
2200 1945 2314 2011 est.
2389 1958 2539 2009 nam

209 2050 372 2121 ussic
417 2068 664 2116 causam
692 2050 816 2116 loci
845 2051 1033 2117 huius
1063 2051 1448 2137 ingrediturz
1495 2050 1705 2117 dicit
1748 2050 2085 2134 aliquis,
2131 2065 2274 2131 quo
2318 2048 2539 2111 modo

277 2158 699 2235 resurgent
757 2154 1100 2220 mortui?
1165 2154 1380 2237 quali
1451 2156 1708 2221 autem
1770 2171 2093 2237 corpore
2156 2148 2539 2217 uenient?

279 2260 346 2322 et
388 2260 468 2325 ab
511 2258 628 2323 hoc
669 2256 800 2323 loco
842 2276 1040 2342 usque
1083 2259 1162 2324 ad
1205 2258 1397 2324 istam
1443 2259 1519 2323 de
1563 2256 1875 2324 sideribus
1922 2256 2426 2340 conparationem
2470 2251 2535 2316 id

281 2359 492 2443 ipsum
537 2362 673 2426 sine
715 2362 977 2428 alterius
1010 2362 1378 2445 cuiusquam
1409 2380 1631 2428 causae
1683 2360 2115 2428 interiectione
2144 2356 2540 2442 persequitur

282 2464 530 2530 nullam
574 2463 804 2531 faciens
851 2466 927 2532 de
971 2467 1182 2532 anima
1224 2465 1627 2545 mentionem,
1673 2484 1752 2531 ne
1788 2464 2023 2531 scilicet
2050 2462 2235 2545 illud,
2267 2461 2433 2545 quod
2462 2460 2545 2525 de

207 2595 264 2636 20
279 2567 429 2633 solis
509 2568 771 2633 lunaeue
845 2568 1315 2652 stellarumque,
1399 2586 1724 2651 corporum
1804 2567 2077 2650 profecto
2152 2564 2539 2640 caelestium,

282 2668 654 2736 differentiis
699 2671 1012 2751 disseruit,
1067 2689 1286 2738 scaeuo
1330 2671 1493 2738 forte
1536 2670 1769 2737 iudicio
1812 2671 1887 2737 de
1932 2668 2259 2736 animabus
2303 2668 2546 2734 dictum

282 2771 546 2855 quisque
591 2773 874 2838 sentiret.

491 3011 521 3065 1
576 3011 607 3066 Ι
643 3011 760 3068 Cor.
809 3013 890 3077 15,
935 3012 1008 3067 40
1246 3013 1282 3068 5
1332 3010 1540 3066 ibidem
1776 3011 1808 3065 '2
1863 3010 1894 3065 1
1938 3010 2057 3066 Cor.
2105 3010 2187 3075 15,
2234 3009 2302 3064 41
2328 3023 2405 3078 sq.

284 3096 354 3151 15
399 3096 430 3151 Ι
464 3096 582 3152 Cor.
621 3099 704 3163 15,
741 3098 812 3152 35

388 3318 423 3372 2
468 3318 534 3373 de
569 3324 697 3375 oente
733 3318 1001 3374 sideribus
1047 3334 1146 3374 om.
1195 3318 1244 3374 S
1441 3319 1476 3372 3
1523 3318 1586 3373 de
1623 3323 1753 3374 amtc
1792 3319 2022 3374 terrenis
2067 3317 2197 3373 add.
2232 3317 2545 3382 Har-telius,

284 3420 386 3460 om.
441 3404 571 3460 libri
775 3406 1007 3474 corporis
1057 3404 1115 3460 R
1324 3406 1362 3460 4
1412 3404 1489 3474 ex]
1547 3405 1601 3459 et
1651 3404 1706 3459 R
1908 3403 2298 3460 indisiunctum
2359 3403 2410 3458 G

284 3491 320 3544 6
369 3491 471 3544 illa
522 3489 646 3546 Sch.
854 3491 886 3544 7
938 3490 1126 3546 alia-
1139 3490 1422 3545 stellarum
1473 3506 1574 3546 om.
1629 3489 1686 3544 R
1890 3490 1925 3544 9
1978 3506 2011 3545 a
2064 3489 2117 3546 G*
2317 3489 2547 3559 gloriam

285 3576 408 3634 Sel».
424 3615 440 3644 ,
509 3576 719 3644 glorias!
771 3576 832 3633 R
1102 3577 1169 3632 11
1224 3576 1646 3646 discrepantiam
1696 3576 1771 3630 M
1780 3577 1812 3632 b
2070 3577 2547 3661 resuscitautorum

284 3681 386 3749 M,
443 3680 938 3736 resuscitandorum
974 3680 1005 3737 b
1215 3680 1279 3735 12
1313 3679 1530 3749 utrique
1564 3679 1819 3746 ABHL,
1878 3678 2149 3748 utrimque
2182 3678 2417 3735 DEFP

286 3769 356 3823 15
392 3766 533 3821 dicet
567 3766 650 3821 12¹
857 3768 923 3822 16
958 3767 1144 3837 qualis!
1177 3766 1232 3822 R
1439 3767 1504 3821 17
1540 3767 1681 3837 loco]
1716 3766 1835 3821 ideo
1868 3765 1999 3822 aad.
2042 3766 2094 3821 G
2285 3765 2356 3820 20
2388 3765 2549 3818 lunae

285 3853 374 3908 uel
409 3851 686 3919 FMRQ
744 3852 904 3907 lunae
938 3854 1132 3909 omisso
1167 3868 1234 3907 ue
1279 3851 1546 3909 Gaaoend.
1752 3852 2034 3908 stellarum
2070 3867 2206 3921 quae
2241 3852 2274 3906 b
2324 3875 2331 3883 ·
2480 3849 2547 3902 de

285 3943 416 3992 ante
471 3953 754 4007 corporum
805 3937 936 3992 add.
981 3943 1050 4008 μ’
1265 3954 1544 4008 corporum
1596 3953 1699 3992 om.
1753 3938 1811 3994 R
2020 3936 2281 4007 profecto]
2339 3934 2547 3991 scilicet

286 4023 405 4080 Sch.
615 4023 682 4077 21
731 4023 1028 4078 differentis
1073 4024 1131 4080 R
1335 4040 1488 4079 sceuo
1541 4023 1903 4089 GHLMR&
1975 4039 2134 4078 saeuo
2178 4023 2319 4089 rell„
2392 4022 2546 4076 laeuo

285 4110 432 4166 coni.
476 4110 756 4166 Barthius
958 4109 1028 4164 22
1073 4110 1353 4180 quisquam
1401 4111 1539 4166 coni.
1587 4110 1883 4178 Bormiae,
1928 4109 1998 4176 cf.
2046 4110 2141 4165 lin.
2188 4113 2225 4165 3
2429 4123 2549 4168 sen·

287 4197 438 4266 tiret]
476 4197 631 4264 putet
658 4198 728 4265 1⁰²
