3175 5050
647 417 770 486 138
1213 419 1226 432 ⁶
1410 415 1779 472 Claudiani
1812 384 2131 472 Mamerti

644 607 921 672 monitus
966 611 1286 692 spernant,
1333 607 1500 676 haud
1543 610 1774 692 inpune
1804 609 2063 690 scilicet,
2126 627 2240 694 ego
2285 628 2436 675 uero
2465 612 2931 696 praeelegerim

645 712 723 776 ab
767 710 908 776 istis
953 730 1098 777 cum
1142 711 1444 779 Eucherio
1501 713 1673 794 reici,
1731 731 1921 796 quam
1965 730 2109 780 cum
2152 713 2291 780 istis
2334 733 2372 779 a
2416 714 2687 780 ueritate
2736 715 2929 780 dam-

644 813 800 878 nari.
877 816 984 880 sed
1028 813 1174 880 istic
1219 833 1385 880 nunc
1429 816 1606 881 locus
1652 817 1717 882 et
1762 820 2008 899 tempus
2054 819 2171 896 est,
2232 816 2305 882 ut
2348 818 2512 884 sicut
2556 837 2594 883 a
2638 817 2932 901 philoso-

641 915 788 999 phis
834 916 913 982 ad
957 917 1345 1000 tractatoreS,
1392 920 1484 984 sic
1528 937 1567 985 a
1610 919 2055 986 tractatoribus
2102 920 2182 985 ad
2215 920 2612 987 authenticos
2644 921 2931 1005 gradum

641 1037 953 1102 consequa
1019 1021 1262 1088 ratione
1328 1021 1635 1090 faciamus
1696 1025 1997 1090 suadente
2058 1026 2241 1090 modo
2300 1023 2545 1090 scilicet
2596 1024 2929 1108 plerisque
2968 1046 2990 1086 ⁵

643 1124 904 1190 testium
949 1125 1183 1191 tacitis·-

1732 1364 1825 1450 X.

643 1555 854 1606 TESTE
920 1557 1173 1605 VTITVB
1239 1556 1392 1606 IPSA
1457 1557 1708 1605 Dlva
1780 1557 2145 1604 SAPIENTIA
2211 1555 2631 1606 TESTIMONIA
2698 1556 2929 1604 PRNES

1497 1660 2043 1709 SCRIPTVRARVM.

724 1795 1075 1862 Audiamus
1139 1797 1337 1882 igitur
1404 1797 1554 1880 quid
1623 1798 1923 1881 imaginis
1992 1817 2140 1864 suae
2206 1799 2572 1880 pronuntiet
2638 1797 2924 1863 inimicis
2942 1817 2987 1857 ιο

640 1900 858 1966 diuina
887 1899 1228 1984 sapientiaz
1277 1899 1686 1980 dixerunt,
1733 1902 1961 1985 inquit,
2007 1902 2211 1984 inpii
2258 1901 2724 1987 cogitantes
2768 1919 2928 1966 non

637 2006 882 2070 recte:
961 2004 1324 2086 exiguum
1399 2006 1478 2068 et
1545 2023 1714 2069 cum
1782 2006 2047 2070 taedio
2116 2009 2237 2071 est
2302 2008 2619 2087 tempus
2690 2003 2927 2070 uitae

640 2110 963 2172 nostrae
1024 2109 1100 2170 et
1165 2105 1648 2172 exstinctum
1709 2108 1919 2173 cinis
1978 2107 2135 2172 erit
2194 2126 2475 2190 corpus
2538 2111 2925 2172 nostrum

640 2211 715 2274 et
770 2209 1107 2292 spiritus
1167 2209 1683 2274 diffundetur
1742 2213 2136 2293 tamquam
2193 2211 2467 2276 mollis
2525 2230 2676 2276 aer.
2752 2210 2926 2294 inpii

639 2313 792 2378 haec
837 2331 981 2397 ergo
1027 2313 1338 2395 dixerunt,
1386 2332 1574 2395 super
1618 2313 1758 2396 quis
1802 2314 1987 2396 paulo
2032 2318 2175 2396 post
2220 2315 2437 2380 eadem
2480 2317 2801 2397 scriptura
2833 2316 2983 2380 sicu

635 2416 948 2499 loquitur:
995 2417 1447 2483 excaecauit
1485 2417 1694 2484 enim
1740 2418 1931 2483 illos
1975 2418 2294 2512 malitia
2337 2437 2629 2494 eorum,
2679 2436 2922 2500 quon-

633 2521 788 2587 iam
863 2524 1057 2589 deus
1131 2523 1446 2587 creauit
1510 2521 1899 2588 hominem
1975 2521 2773 2589 inexterminabilem
2848 2521 2926 2585 et

636 2625 724 2691 ad
789 2626 1219 2710 imaginem
1283 2643 1468 2691 suae
1535 2623 2115 2691 similitudinis
2172 2626 2367 2693 fecit
2432 2626 2688 2691 illum.
2764 2623 2923 2690 istic

641 2746 755 2811 ego
799 2728 997 2794 temet
1039 2729 1107 2794 in
1150 2728 1575 2794 defensionem
1620 2729 1716 2794 tui
1764 2728 1970 2794 acrius
2015 2731 2509 2811 permouendum
2552 2730 2738 2794 credo
2764 2746 2921 2813 pro-

643 2850 761 2914 que
807 2850 1030 2897 causae
1073 2831 1298 2897 merito
1344 2831 1409 2896 in
1456 2851 1556 2897 me
1604 2832 1796 2896 etiam
1856 2831 2039 2897 istius
2085 2832 2256 2897 modi
2314 2831 2510 2897 ferme
2571 2834 2759 2898 uerba
2822 2831 2980 2897 fa-so

641 2936 922 3000 cturum:
985 2932 1136 3017 quid
1159 2937 1274 2997 -tu
1338 2932 1667 2999 undeunde
1712 2936 2051 3001 contractis
2116 2933 2665 3001 testificationibus
2712 2936 2919 3001 uteris

535 3071 540 3075 ·
639 3038 1123 3121 haudquaquam
1168 3040 1381 3103 tamen
1429 3038 1697 3103 ueritate
1747 3038 2147 3122 pulsantibus
2192 3040 2613 3106 conscientiae
2655 3042 2919 3104 nostrae

839 3226 907 3279 11
947 3225 1071 3295 Sap.
1105 3226 1156 3292 2,
1196 3226 1222 3281 1
1262 3227 1320 3279 et
1353 3227 1387 3280 3
1598 3226 1663 3280 16
1700 3233 1823 3294 δερ.
1861 3226 1911 3291 2,
1949 3226 2013 3280 21
2054 3228 2109 3280 ct
2143 3226 2211 3281 23

738 3396 768 3449 1
803 3396 1027 3451 monitis
1062 3395 1119 3452 R
1132 3438 1145 3462 ,
1203 3395 1401 3449 moniti
1427 3397 1496 3465 12²
1670 3398 1889 3465 spernat
1924 3396 1981 3450 Β
2153 3398 2250 3451 aut
2284 3398 2341 3452 Β
2525 3395 2917 3465 praeelegerim

635 3482 849 3550 scripsi,
902 3482 1255 3551 praelegerem
1282 3482 1399 3549 OG,
1449 3481 1833 3551 praeeligerem
1858 3482 1999 3548 Βοὴ,
2053 3482 2373 3552 preligerem
2398 3484 2485 3551 M,
2539 3482 2808 3555 pligerem
2834 3482 2915 3549 δ”,

634 3569 960 3637 perlegerem
981 3568 1098 3622 rell.
1257 3568 1291 3622 2
1315 3584 1437 3623 cum
1459 3585 1562 3623 om.
1588 3566 1645 3622 R
1799 3571 2035 3623 ueritate
2060 3568 2117 3625 R
2270 3569 2305 3623 3
2330 3587 2363 3624 a
2386 3586 2489 3625 om.
2513 3569 2772 3626 ABH¹R

637 3653 674 3707 4
706 3653 758 3723 a]
795 3654 865 3707 ad
899 3652 956 3711 R
1163 3651 1250 3723 ad]
1289 3655 1385 3707 aut
1419 3654 1680 3708 ABH¹R
1885 3670 1918 3707 a
1952 3654 2290 3724 philosophis
2326 3659 2381 3709 et
2418 3654 2809 3711 tractatoribus
2843 3655 2915 3710 ad

635 3738 978 3793 authenticos
1012 3754 1051 3807 p
1221 3740 1255 3793 5
1293 3754 1579 3809 consequar
1616 3740 1688 3793 M
1696 3738 1727 3793 b
1898 3739 2092 3794 faciam
2116 3740 2469 3808 ABDEFP,
2523 3758 2627 3797 om.
2659 3742 2771 3796 Mb

635 3824 854 3879 modum
887 3825 921 3879 b
1091 3825 1360 3893 plerisque
1394 3824 1547 3890 13²6,
1600 3824 1951 3895 plurimisque
1975 3825 2047 3892 Β,
2098 3826 2372 3895 plurisque
2408 3826 2529 3881 rell.
2723 3829 2787 3881 11
2827 3827 2913 3881 in-

634 3911 714 3979 pii
747 3910 930 3979 inquit
964 3910 1096 3965 libri
1121 3916 1355 3979 praeter
1395 3910 1651 3965 CE²GM
1844 3912 2115 3979 cogitante
2149 3912 2206 3966 Β
2417 3912 2484 3967 13
2520 3914 2820 3968 exstinctus
2858 3912 2915 3969 G

635 3995 759 4051 8οῆ.
957 3996 1027 4050 14
1049 3996 1274 4065 spiritus
1298 4011 1400 4051 om.
1425 3995 1837 4052 ABF¹HLRS
2018 3997 2341 4052 diffunditur
2365 3998 2783 4055 ABPHLRS

637 4099 705 4153 15
739 4114 864 4167 ergo
899 4097 1028 4153 haec
1061 4099 1122 4154 D
1311 4114 1439 4168 ergo
1475 4115 1580 4155 om.
1617 4098 1766 4165 Sola,
1823 4087 1883 4154 οἷ
1917 4100 2062 4166 HL,
2122 4102 2282 4156 erunt
2317 4102 2374 4157 R
2564 4117 2698 4172 quos
2724 4118 2770 4171 p

632 4185 702 4241 16
737 4184 958 4239 illorum
991 4185 1383 4241 ABGEFGR
1572 4185 1641 4239 19
1677 4200 1804 4255 ergo
1842 4185 2077 4242 editores
2256 4188 2325 4243 21
2360 4188 2595 4243 alterum
2630 4188 2769 4243 unde
2803 4203 2908 4243 om.

630 4270 934 4326 ABDEM
1136 4271 1202 4324 de
1248 4276 1383 4325 ante
1428 4270 1722 4325 contractis
1755 4272 1958 4327 inserit
2003 4272 2096 4327 Μ’*
2112 4272 2144 4327 b
2348 4274 2418 4328 22
2464 4275 2675 4346 tamen]
2708 4276 2764 4329 et
2796 4289 2908 4329 non

636 4359 693 4411 A
898 4355 1192 4411 ueritatem
1226 4356 1301 4410 M
1304 4356 1336 4411 b
