3175 5050
2511 413 2635 460 XLI

369 585 779 651 referrentur:
830 585 929 666 15,
977 585 1019 650 9
1063 585 1176 667 qni
1218 602 1424 649 secum
1465 583 1723 648 tertiam
1750 586 1999 664 partem
2028 581 2362 648 stellarum
2393 602 2469 648 ex
2502 583 2633 648 alto

363 688 780 770 proturbatus
823 687 1142 754 abstraccit
1186 687 1657 769 (proturbatam
1700 687 1997 753 Mamerti
2026 685 2227 772 libri),
2277 685 2379 772 74,
2431 688 2506 753 11
2558 707 2639 752 ea·

373 789 474 854 his
545 789 912 874 indefessim
981 789 1620 873 multiplicandorum
1690 789 1938 854 semina
2012 789 2410 879 (indefessim
2464 789 2633 854 recte

377 892 699 972 BarthiuS,
771 893 848 960 cf.
904 893 1010 977 43,
1060 893 1164 958 23.
1211 893 1315 971 45,
1365 892 1423 969 7,
1483 891 1819 973 indefessis
1873 891 2070 976 libri),
2140 892 2243 972 93,
2296 892 2376 957 15
2436 893 2633 958 eidem

373 995 630 1077 infinito
671 1015 913 1076 semper
955 993 1264 1077 aequalia
1309 995 1496 1078 (corr.
1533 993 1724 1060 editio
1754 995 1975 1076 Paris„
2022 993 2232 1059 eodem
2260 995 2459 1078 libri).
2508 997 2631 1062 ita·-

373 1117 493 1182 que
557 1099 788 1172 rectius
842 1116 944 1164 me
1010 1096 1325 1179 scripsisse
1395 1094 1496 1179 60,
1547 1096 1588 1159 3
1644 1095 1719 1160 in
1770 1095 1872 1162 dei
1926 1114 2075 1160 uero
2135 1097 2284 1178 ipsa
2344 1097 2639 1163 trinitate

375 1200 514 1287 (deo
542 1200 715 1286 libri)
766 1202 1137 1284 putauerim‚
1186 1218 1374 1282 quam
1417 1198 1776 1266 Hartelium
1821 1200 1896 1263 in
1926 1199 2035 1264 deo
2076 1219 2229 1264 nero
2258 1199 2389 1286 (i)
2422 1201 2533 1284 (=
2564 1199 2635 1265 id

371 1303 487 1390 est)
555 1303 702 1385 ipsa
768 1303 1076 1388 trinitate,
1146 1321 1303 1385 quae
1371 1302 1738 1382 coniectura,
1809 1305 1969 1386 quod
2036 1302 2116 1368 ad
2180 1323 2313 1368 rem
2382 1305 2635 1385 palaeo-

375 1407 732 1494 graphicam
763 1409 1008 1487 attinet,
1055 1405 1527 1490 elegantissima
1558 1409 1671 1485 est,
1718 1409 1822 1472 sed
1853 1425 2039 1471 sensu
2069 1406 2282 1471 minus
2314 1425 2632 1472 commen-

374 1514 577 1577 datur.
636 1511 958 1594 praeterea
988 1510 1068 1576 cf.
1105 1509 1248 1593 130,
1283 1509 1317 1574 7
1364 1509 1554 1572 miris
1584 1511 1877 1573 aeternae
1907 1509 2070 1573 artis
2098 1509 2300 1575 modis
2338 1507 2636 1592 (aeternis

372 1614 539 1697 libri,
589 1631 742 1678 corr.
775 1611 1034 1692 E⁹GS⁹)
1073 1614 1136 1677 et
1170 1613 1309 1691 174,
1343 1613 1430 1677 24
1458 1631 1617 1693 qaae
1640 1611 2019 1692 pulmonum
2062 1631 2245 1697 caua,
2293 1632 2457 1693 quae
2498 1617 2632 1676 tor-

373 1722 592 1782 tuosae
634 1714 984 1780 botulorum
1012 1765 1028 1782 .
1055 1764 1070 1783 .
1098 1763 1114 1782 .
1141 1714 1516 1795 inflexiones
1564 1716 1745 1798 (corr.
1795 1713 2071 1796 DEFG,
2116 1719 2399 1780 tortuosa
2440 1716 2630 1797 rell.).

457 1822 535 1886 V.
605 1819 998 1900 Compendiis
1067 1837 1250 1884 usum
1319 1837 1452 1884 0880
1520 1819 1843 1902 archetypi
1908 1817 2243 1884 librarium
2312 1839 2383 1883 ex
2445 1818 2633 1884 certis

373 1925 740 2008 quibusdam
789 1923 1028 1989 mendis
1074 1924 1386 1989 codicibus
1434 1923 1721 1988 omnibus
1766 1923 1868 1988 uel
1898 1921 2157 2005 optimis
2203 1923 2633 1988 communibus

371 2027 786 2110 intellegitur,
834 2045 990 2109 quae
1023 2044 1093 2090 ex
1127 2026 1566 2107 compendiosa
1614 2024 1933 2108 archetypi
1978 2027 2286 2108 scriptura
2330 2024 2635 2090 facillime

369 2128 786 2212 explicantur:
842 2131 938 2212 19,
989 2131 1066 2194 18
1113 2123 1566 2214 conyressione]
1616 2128 1961 2212 congressio
2004 2127 2155 2194 libri
2203 2129 2304 2211 (de
2348 2130 2630 2195 nomina-

371 2234 504 2300 tiuo
564 2234 731 2298 enim
787 2232 1073 2298 absoluto
1122 2233 1266 2298 nolo
1311 2233 1608 2315 cogitare,
1666 2251 1807 2296 cum
1855 2231 2063 2296 simile
2109 2231 2463 2314 exemplum
2509 2250 2635 2296 non

373 2337 716 2419 reperiatur
761 2337 925 2418 apud
968 2333 1436 2416 Claudianum),
1481 2334 1584 2415 25,
1632 2335 1672 2399 9
1716 2331 1963 2420 tertius]
2014 2334 2205 2398 tritus
2246 2335 2397 2399 libri
2445 2334 2626 2417 (corr.

373 2437 749 2520 Hartelius)‚
816 2437 924 2516 48,
981 2439 1020 2503 8
1075 2437 1182 2501 sin
1236 2441 1308 2501 nt
1365 2432 1452 2501 est
1508 2437 1586 2520 et]
1648 2437 1709 2500 si
1764 2439 1946 2500 nutes
2009 2439 2185 2518 (corr.
2233 2435 2371 2518 ΑΩ),
2441 2437 2543 2521 76,
2591 2437 2635 2500 4

369 2540 698 2630 dissidere]
747 2542 1150 2606 dissidentem
1186 2543 1367 2623 (corr.
1401 2541 1721 2624 Barthius)
1750 2541 1826 2623 1),
1876 2540 2018 2624 103,
2057 2541 2098 2606 2
2142 2541 2319 2624 qnia]
2371 2561 2499 2622 qna
2530 2542 2633 2606 uel

371 2667 488 2729 qne
514 2649 620 2711 uel
649 2645 761 2727 qui
806 2644 989 2729 (corr.
1021 2642 1101 2708 ΕΡ
1116 2646 1224 2727 G),
1273 2645 1414 2722 141,
1451 2644 1532 2708 12
1574 2643 1835 2727 uiderit]
1885 2642 2163 2707 uiderim
2203 2645 2305 2709 uel
2349 2644 2633 2713 uiderem

373 2751 553 2834 (corr.
586 2748 816 2827 DEF)‚
867 2747 1011 2831 141,
1051 2748 1128 2812 16
1172 2747 1312 2830 aut]
1364 2750 1451 2825 at,
1499 2766 1574 2811 ao
1619 2747 1723 2812 uel
1766 2748 1853 2812 ad
1902 2749 2081 2829 (corr.
2115 2746 2350 2832 DEF),
2402 2748 2543 2829 165,
2590 2749 2634 2813 5

369 2852 660 2935 differat]
691 2852 904 2933 differt
933 2854 1112 2933 (0011.
1140 2850 1477 2935 Galland.),
1516 2850 1659 2929 187,
1690 2852 1771 2915 10
1798 2850 1985 2934 qaod]
2017 2864 2177 2932 qaae
2208 2855 2384 2929 (corr.
2408 2850 2629 2917 Schot-

373 2959 523 3038 tus).
570 2975 727 3037 quae
757 2974 897 3019 cum
929 2954 1021 3019 ita
1051 2956 1198 3038 sint,
1232 2954 1422 3020 etiam
1468 2955 1569 3033 69,
1616 2954 1703 3020 20
1739 2952 1956 3034 flauas
2000 2957 2087 3019 est
2131 2954 2261 3030 ille,
2310 2956 2635 3021 coloratus

373 3062 478 3139 est,
512 3058 724 3141 pallet
765 3057 875 3123 ille
917 3058 1020 3123 uel
1065 3059 1248 3141 niyer
1289 3062 1401 3134 est,
1462 3059 1626 3142 quod
1682 3058 1913 3125 conieci
1959 3058 2269 3123 coloratas
2326 3057 2633 3124 facillime

375 3180 447 3226 ex
491 3161 792 3228 librorum
837 3161 1150 3244 scriptura
1193 3162 1500 3240 oculatas,
1550 3178 1708 3243 quae
1741 3161 1994 3227 omnino
2041 3160 2194 3238 ferri
2240 3163 2477 3243 nequit,
2527 3180 2630 3227 ex-

369 3264 704 3347 piscamur,
772 3266 828 3331 81
894 3266 1218 3348 utriusque
1287 3266 1454 3330 uocis
1522 3266 1889 3347 compendia
1956 3264 2206 3329 octatus
2263 3269 2327 3334 et
2385 3266 2633 3330 colatas

373 3370 746 3453 quantulum
805 3368 1096 3434 differant
1151 3372 1532 3451 reputamus.
1607 3385 1827 3433 uocem
1871 3368 2083 3432 autem
2130 3366 2451 3452 oculatus,
2512 3386 2633 3450 qua

375 3470 756 3537 Claudianus
789 3473 982 3538 etiam
1011 3472 1114 3553 43,
1154 3472 1252 3538 18.
1302 3471 1444 3549 174,
1479 3472 1515 3535 7
1547 3472 1770 3551 utitur,
1816 3473 1917 3537 hic
1961 3490 2072 3537 8110
2117 3471 2252 3536 11110
2284 3472 2628 3539 adhibitam

373 3594 504 3639 0880
548 3576 994 3653 contenderim,
1039 3578 1221 3641 modo
1266 3574 1413 3659 quid
1451 3575 1759 3660 significet
1800 3570 2015 3655 flauas
2058 3578 2229 3646 recte
2273 3574 2626 3659 intellegas,

371 3696 518 3743 nam
562 3678 702 3743 cu'm
752 3678 826 3743 de
857 3678 1164 3760 qualitate
1197 3680 1465 3761 corporis
1502 3678 1835 3744 indicanda
1864 3678 2033 3745 dicat
2064 3676 2459 3755 Claudianus,
2509 3695 2641 3751 11011,

371 3780 448 3845 de
495 3780 773 3845 crinibus
821 3782 1179 3866 accipienda
1223 3784 1318 3874 est
1364 3802 1480 3849 uox
1518 3781 1755 3864 flauas,
1802 3784 1911 3848 sed
1938 3786 2013 3849 de
2043 3782 2168 3848 0118
2214 3782 2437 3848 001010.
2486 3782 2631 3865 apte

583 3990 622 4057 ¹)
671 3988 1020 4043 dissidentem
1063 4004 1169 4043 11011
1215 3991 1595 4061 corrigeremus
1641 3992 1697 4043 et
1742 3991 1805 4045 ad
1813 3990 1997 4043 iectiui
2043 3987 2361 4057 (participii)
2403 3988 2651 4053 formam,

371 4073 721 4127 masculinam
773 4075 842 4129 ad
886 4076 1113 4130 subiecti
1148 4078 1512 4131 accusatiuum
1559 4076 1893 4132 substantiui
1936 4091 2053 4146 gen.
2100 4078 2272 4129 neutr.
2318 4074 2507 4129 referri
2543 4074 2632 4141 (cf.

369 4158 704 4229 Petschenigy,
758 4160 847 4215 die
896 4161 1386 4229 handschriftliche
1449 4162 1893 4232 Ueberlieferanq
1942 4161 2037 4215 des
2096 4161 2282 4217 Victor
2332 4176 2443 4215 von
2500 4158 2633 4214 Vita

369 4243 880 4315 [Sitzwnysberiehte
915 4246 1012 4301 der
1045 4248 1178 4301 kais-
1217 4248 1515 4301 Akademie
1549 4247 1652 4303 der
1685 4246 2154 4312 Wissenschaften
2188 4248 2251 4301 in
2282 4246 2465 4312 Wien,
2492 4244 2631 4314 phil.

366 4330 492 4385 hist.
535 4331 722 4387 Classe
756 4338 879 4388 tom.
917 4332 1149 4401 XCVI]
1188 4333 1312 4403 677)
1349 4336 1720 4400 statueremus,
1757 4334 1864 4387 nisi
1898 4338 2120 4401 torpens
2154 4332 2505 4388 antecederet.
