3175 5050
609 371 696 437 72
1375 364 1749 422 Claudiani
1792 365 2107 420 Mamerti

605 559 989 641 eandemque
1035 557 1376 623 animalem
1410 575 1568 622 -cum
1613 556 1973 640 pecudibds,
2034 556 2237 622 uitam
2295 556 2671 623 rationalem
2728 576 2869 623 cum

604 661 853 747 angelis
914 662 1107 727 dedit.
1175 659 1371 743 igitur
1422 664 1493 724 ut
1540 658 1875 725 herbarum
1922 677 2163 742 quoque
2210 664 2273 725 et
2316 660 2626 725 fruticum
2674 661 2871 726 uitam

607 765 1036 848 incorpoream
1104 780 1238 829 esse
1304 763 1518 844 pateat
1580 762 1960 844 eandemque
2026 780 2151 827 non
2220 763 2434 827 amitti
2492 784 2529 829 a
2594 782 2868 845 corpore,

607 871 715 934 sed
781 867 1042 943 dimitti,
1110 884 1335 948 quaero
1401 884 1438 931 a
1492 868 1558 931 te
1614 864 1837 933 herbas
1902 867 1966 930 et
2010 866 2269 931 arbusta
2335 866 2631 931 utrumne
2678 885 2865 950 neges

604 972 844 1049 uiuere,
891 990 972 1035 an
1017 968 1226 1035 forsan
1272 969 1446 1033 dicas
1491 968 1594 1033 his
1624 969 1777 1051 ipsis
1810 968 2167 1035 uiuentibus
2198 969 2515 1053 aliquibus
2548 972 2621 1035 ut
2649 972 2868 1035 uiuant
2914 996 2946 1037 ⁵

605 1073 852 1139 animas
896 1075 1118 1139 inesse.
1195 1073 1302 1137 sed
1346 1072 1629 1137 animata
1672 1071 1727 1135 si
1774 1076 2003 1150 essent,
2049 1076 2225 1138 motu
2270 1073 2515 1155 proprio
2547 1092 2668 1137 non
2698 1092 2861 1139 care·

605 1180 768 1254 rent,
827 1176 973 1260 quia
1017 1178 1163 1242 sunt
1220 1194 1380 1258 quae
1435 1177 1767 1243 mouentur
1824 1183 2000 1241 motu
2045 1194 2171 1243 non
2216 1177 2485 1259 proprie.
2560 1177 2863 1241 sentirent

604 1280 801 1345 etiam
857 1281 1087 1346 uulnus
1144 1277 1476 1344 inflictum.
1555 1281 1662 1344 sed
1720 1279 1873 1344 haec
1928 1278 2165 1344 talibus
2225 1299 2347 1344 non
2392 1281 2592 1345 inesse
2638 1279 2740 1345 1101
2786 1281 2857 1345 (10

602 1400 857 1448 0881111111
923 1383 1193 1448 sectione
1259 1386 1322 1447 et
1394 1381 1766 1464 capillorum
1840 1385 2027 1466 atque
2102 1385 2415 1468 unguium
2480 1382 2859 1465 praecisione

602 1486 1047 1569 cognoscimuS‚
1116 1504 1274 1569 quae
1341 1486 1476 1549 sine
1544 1485 1675 1550 ullo
1739 1504 1923 1551 sensu
1990 1486 2221 1551 doloris
2290 1487 2696 1551 abscidimus.
2770 1490 2859 1551 est
2882 1515 2943 1553 ιο

603 1607 749 1671 ergo
796 1590 988 1655 etiam
1036 1590 1124 1653 ibi
1166 1588 1322 1667 uita,
1368 1590 1476 1653 ubi
1521 1608 1644 1655 non
1691 1594 1786 1653 est
1832 1589 2063 1653 anima.

687 1712 959 1794 Adspice
1016 1729 1180 1775 nunc
1237 1711 1318 1776 ad
1376 1710 1825 1775 conficiendam
1882 1710 2043 1775 hanc
2098 1710 2297 1792 ipsam
2372 1710 2609 1776 arboris
2665 1712 2859 1777 uit-am

601 1814 886 1879 omnium
931 1813 1380 1879 elementorum
1424 1812 1857 1894 particulatim
1906 1812 2146 1877 semina
2188 1814 2572 1878 conuenisse.
2644 1815 2739 1878 est
2766 1813 2859 1877 1111

600 1911 905 1981 uidelicet
948 1916 1114 1980 terra
1169 1915 1236 1980 in
1295 1916 1729 1993 crassitudine,
1788 1934 1949 1997 aqua
2010 1918 2075 1980 in
2134 1916 2411 1991 humore,
2460 1934 2567 1981 aer
2611 1916 2677 1983 in
2723 1934 2854 2000 pro·

597 2018 932 2103 gressione,
980 2018 1145 2102 ignis
1191 2019 1256 2083 in
1300 2019 1600 2101 germine.
1676 2020 1729 2083 si
1777 2021 1988 2084 autem
2035 2021 2113 2084 de
2168 2038 2309 2084 aere
2354 2023 2453 2084 est
2498 2020 2714 2084 anima
2754 2020 2941 2084 autu»

598 2123 728 2185 aeri
769 2112 1041 2200 similis,
1108 2122 1182 2186 ut
1247 2127 1317 2186 tu
1383 2124 1773 2205 pronuntias,
1844 2142 1988 2206 ergo
2058 2123 2347 2189 arborem
2415 2143 2539 2189 non
2613 2124 2857 2207 negabis

597 2224 967 2307 animatam,
1015 2228 1162 2308 quia
1205 2228 1603 2310 perspicuum
1650 2229 1743 2292 est
1788 2228 1917 2294 aeri
1963 2227 2237 2292 similem
2282 2227 2383 2292 illi
2426 2228 2631 2292 inesse
2676 2230 2859 2293 natu·
3098 2294 3100 2305 ,

597 2348 752 2394 ram.
829 2329 1123 2395 inferiora
1166 2349 1387 2413 nempe
1431 2335 1566 2395 rato
1599 2350 1807 2395 rerum
1853 2330 2067 2396 ordine
2115 2350 2152 2395 a
2196 2330 2620 2413 superioribus
2650 2329 2855 2395 adfici·
3098 2310 3101 2491 y

597 2436 818 2500 untur:
889 2436 1203 2499 transacto
1271 2433 1520 2499 scilicet
1594 2433 1821 2517 frigore
1888 2433 2159 2499 brumali
2230 2453 2339 2515 per
2396 2434 2857 2501 conuersionem

599 2538 758 2603 caeli
823 2557 1074 2604 recursu
1133 2539 1409 2604 siderum
1477 2538 1647 2603 calor
1705 2557 1963 2622 superne
2020 2538 2277 2604 ueniens
2346 2557 2557 2604 aerem
2624 2537 2744 2602 sibi
2799 2535 2857 2602 et
2876 2559 2937 2602 20

596 2639 732 2705 1000
802 2643 866 2704 et
930 2645 1157 2706 natura
1222 2643 1574 2724 proximum
1635 2641 1809 2724 prius
1868 2640 2101 2707 adficit.
2179 2643 2287 2723 qui
2346 2643 2643 2723 quoniam
2687 2642 2857 2706 tanto
3096 2545 3099 2754 Ι

597 2745 802 2826 gradu
844 2743 982 2827 igni
1012 2746 1194 2823 cedit,
1234 2745 1462 2828 quanto
1493 2747 1625 2827 ipse
1655 2746 1835 2828 aquis
1868 2745 2120 2821 eminet,
2153 2764 2257 2828 per
2290 2744 2533 2809 radices
2568 2745 2857 2810 arborum

596 2847 702 2912 uel
759 2849 1194 2930 quorumpiam
1250 2848 1605 2932 germinum
1671 2848 1747 2913 de
1804 2849 2010 2913 terrae
2045 2849 2293 2913 intimis
2338 2866 2531 2930 aquas
2578 2846 2857 2912 adtrahit
3094 2847 3097 3016 ἱ

596 2968 668 3015 eo
713 2951 876 3032 quod
921 2952 1084 3035 ignis
1131 2952 1512 3016 elementum
1556 2952 1767 3016 omnia
1798 2951 2172 3017 naturaliter
2199 2951 2856 3034 rapiens'tepefactum

592 3073 801 3120 aerem
847 3055 926 3119 ad
971 3073 1034 3120 se
1080 3053 1265 3139 cogit,
1312 3073 1546 3136 perque
1590 3053 1827 3120 arboris
1872 3054 2216 3120 medullam
2263 3057 2427 3119 sicut
2471 3054 2609 3136 ipse
2652 3054 2934 3121 hauritss

697 3327 732 3382 2
767 3326 844 3380 ad
877 3326 1167 3381 herbarum
1201 3326 1264 3381 Ε
1291 3327 1356 3381 in
1388 3343 1589 3397 mar9.:
1642 3327 1781 3381 alius
1818 3328 1983 3382 codex
2016 3327 2312 3382 ‘beluarum
2349 3344 2561 3399 quoque
2596 3331 2655 3383 et
2686 3329 2859 3384 hntiu'

592 3412 829 3467 adnotat
1045 3413 1080 3466 3
1132 3427 1432 3480 corpoream
1489 3413 1599 3468 GR
1815 3413 1853 3466 4
1903 3416 2218 3468 utrumnam
2277 3416 2330 3471 G
2544 3416 2579 3470 5
2632 3415 2858 3470 forsitan
3090 3425 3093 3539 ι

591 3499 724 3552 libri
771 3504 1001 3566 praeter
1063 3497 1240 3554 OGM
1269 3504 1320 3552 et
1356 3497 1476 3552 Seh.
1720 3499 1993 3568 aliquibus
2047 3515 2149 3554 om.
2201 3501 2277 3554 M
2280 3501 2335 3566 b,
2406 3501 2616 3570 aliquas
2675 3503 2728 3558 G

595 3585 626 3638 7
665 3585 896 3638 sentiret
931 3583 979 3638 S
1177 3585 1211 3638 9
1251 3599 1468 3638 0881111111
1504 3584 1647 3648 HR,
1709 3600 1886 3640 ossum
1924 3585 2067 3651 Mb,
2127 3595 2250 3641 ossfi
2289 3585 2353 3650 S,
2413 3588 2621 3642 ossium
2656 3587 2772 3644 rell.
2810 3593 2861 3643 et
3088 3647 3090 3652 ,

591 3672 830 3727 editores
1021 3669 1090 3724 10
1123 3671 1463 3740 agnoscimus
1499 3669 1612 3724 HS
1797 3670 2159 3726 abscindimus
2195 3673 2270 3726 M
2300 3673 2535 3728 editores
2726 3675 2789 3728 11
2824 3690 2861 3728 a
3088 3687 3090 3801 1

589 3756 772 3810 uerbis
795 3755 877 3810 ibi
897 3756 1018 3810 uita
1040 3755 1244 3825 incipit
1259 3771 1393 3826 pay.
1419 3759 1488 3810 41
1510 3755 1713 3811 codicis
1738 3757 1793 3810 L
1978 3758 2221 3812 animata
2243 3758 2409 3821 ΗΕΒ
2591 3761 2659 3815 15
2682 3762 2857 3845 autem

587 3857 663 3920 D,
725 3860 824 3912 aut
857 3857 1366 3914 BGEFHLMRb
1576 3859 1642 3914 16
1688 3859 1945 3930 arborem]
1983 3877 2156 3915 aerem
2192 3861 2249 3917 R
2457 3863 2523 3916 17
2560 3863 2857 3924 animatum

589 3945 646 3998 R
835 3945 972 3997 aeris
1012 3944 1066 3999 G
1253 3944 1489 3998 similem
1525 3944 1613 3998 illi
1648 3945 1874 4014 scripsi,
1934 3947 2101 4001 simili
2136 3947 2567 4014 ABGH¹MSb,
2628 3949 2857 4004 similem
3086 3951 3088 4063 ¹

587 4028 901 4085 DFH’LB
926 4028 1077 4095 Sola,
1138 4029 1223 4083 illi
1263 4030 1331 4097 G,
1392 4029 1480 4085 illi
1527 4031 1764 4085 similem
1808 4033 1890 4097 E,
1953 4032 2121 4086 simili
2174 4034 2404 4088 similem
2447 4035 2666 4090 mauult
2699 4035 2855 4090 Har-

585 4113 752 4168 telius
961 4117 1027 4171 18
1060 4131 1249 4185 nempe
1283 4117 1420 4187 rato]
1449 4117 1752 4186 temperato
1786 4118 1907 4173 DF
1926 4118 2047 4174 Sch.
2251 4121 2409 4174 ratllo
2446 4119 2495 4174 S
2686 4139 2720 4176 a
2752 4138 2856 4176 om.

588 4199 720 4254 libri
751 4205 972 4268 praeter
1006 4202 1119 4258 Mb
1153 4207 1205 4258 ct
1240 4201 1361 4259 Seh.
1533 4203 1840 4258 efficiuntur
1880 4204 1928 4260 0
2104 4205 2175 4259 20
2209 4209 2591 4276 superueniens
2626 4208 2859 4264 editores
3084 4215 3087 4326 f

578 4291 812 4354 praeter
839 4289 910 4356 1⁹²
1099 4290 1162 4344 21
1200 4289 1319 4344 loca
1354 4289 1411 4344 Β
1597 4290 1667 4345 23
1703 4290 1906 4344 adtrait
1942 4291 2000 4347 B
2180 4293 2247 4348 25
2284 4293 2445 4364 sicut]
2482 4295 2561 4348 sic
2598 4294 2717 4351 8011.
