3175 5050
642 424 772 490 194
1411 420 1781 478 Claudiani
1814 421 2130 478 Mamerti

641 614 986 699 pondere
1052 613 1568 696 disposuisse,
1632 615 1740 679 sed
1804 613 1923 678 hoc
1996 612 2118 678 alio
2192 612 2375 678 modo
2450 613 2530 678 ad
2605 613 2896 695 spiritum

641 717 1013 784 rationalem
1072 716 1309 796 referri,
1375 715 1536 798 quod
1587 716 1655 780 in
1711 715 2231 798 consequentibus
2292 717 2645 794 dicendum,
2693 715 2896 782 uideo.

642 840 808 889 nunc
852 838 997 887 uero
1043 821 1118 886 de
1161 836 1412 902 corpore
1456 835 1616 901 quae
1672 820 1985 901 coepimus
2040 819 2445 901 explicemus.
2522 819 2688 885 sicut
2734 819 2899 884 enim

643 925 915 992 diximus
961 942 1084 989 non
1127 923 1244 989 hoc
1289 941 1421 990 esse
1471 941 1772 1008 magnum
1818 925 1982 1006 quod
2026 922 2417 1007 magnitudo,
2463 923 2553 987 sic
2580 939 2697 987 nec
2728 941 2903 987 men-

641 1047 787 1094 sura
841 1029 1003 1110 quod
1058 1025 1496 1110 mensurabile,
1565 1043 1679 1091 nec
1735 1043 2033 1090 numerus
2089 1026 2253 1107 quod
2315 1025 2723 1111 numerabile,
2791 1043 2903 1090 nec
2938 1050 2965 1090 ⁵

643 1131 882 1212 pondus
957 1133 1118 1213 quod
1199 1128 1622 1212 ponderabile.
1720 1125 2107 1214 minu<itur>
2179 1127 2409 1210 igitur,
2478 1131 2775 1212 quoniam
2838 1129 2904 1193 in

645 1235 782 1299 tota
821 1235 1000 1315 parte
1048 1233 1242 1297 habet
1267 1249 1518 1296 sursum
1562 1231 1630 1296 et
1674 1232 1980 1310 deorsum,
2038 1229 2231 1296 habet
2277 1231 2593 1296 dexteram
2638 1233 2707 1296 et
2750 1230 2902 1296 sini-

645 1338 856 1414 stram,
915 1334 1110 1400 habet
1164 1335 1310 1400 ante
1365 1335 1431 1399 et
1485 1334 1675 1400 retro.
1742 1336 2030 1400 mouetur
2086 1352 2197 1416 per
2251 1334 2503 1417 tempus
2570 1336 2637 1399 et
2694 1333 2902 1400 locum

646 1458 761 1506 nec
802 1437 1040 1504 iudicat
1083 1437 1150 1502 et
1189 1436 1520 1514 iudicatur,
1573 1437 1859 1519 partibus
1906 1437 2152 1506 secatur
2194 1437 2463 1502 infinite.

731 1565 864 1644 Age
918 1576 1083 1624 nunc
1138 1556 1462 1623 uideamus
1521 1556 1672 1639 quid
1731 1558 1821 1624 sit
1876 1563 2035 1641 quod
2082 1577 2299 1642 corpus
2344 1559 2626 1624 uiuificat
2671 1563 2735 1625 et
2778 1576 2975 1627 nomo

645 1661 975 1728 sentificat.
1042 1661 1268 1726 melius
1315 1661 1482 1726 enim
1527 1664 1933 1743 coaequatum
1979 1665 2075 1728 est
2118 1661 2291 1727 uitae
2331 1663 2420 1747 id,
2467 1662 2633 1745 quod
2677 1663 2907 1746 accipit

643 1765 711 1830 et
755 1763 916 1847 quod
973 1763 1100 1828 dat.
1178 1764 1315 1829 uita
1369 1761 1560 1842 enim,
1624 1781 1780 1846 quae
1824 1782 1947 1829 non
1992 1765 2088 1830 est
2132 1765 2336 1830 minor
2378 1765 2445 1830 in
2489 1768 2673 1850 parte
2718 1783 2905 1848 quam

646 1870 712 1933 in
772 1870 904 1934 toto
963 1871 1026 1932 et
1082 1885 1205 1932 non
1263 1866 1430 1950 parti
1496 1867 1725 1932 minori
1780 1867 1987 1932 minor
2052 1872 2146 1933 est
2203 1887 2317 1935 nec
2357 1874 2604 1951 partem
2648 1869 2909 1952 praebet

647 1970 871 2036 maiori
914 1971 1214 2035 maiorem
1260 1970 1326 2034 et
1369 1971 1595 2036 minori
1638 1969 1963 2052 minorem,
2008 1989 2132 2036 non
2162 1973 2259 2036 est
2289 1989 2533 2055 corpus,
2580 1974 2686 2038 sed
2716 1971 2906 2054 spiri-

649 2073 773 2138 tus.
847 2075 1103 2155 spiritus
1169 2072 1422 2157 pecoriS,
1488 2073 1599 2156 qui
1656 2092 1777 2140 non
1837 2073 2124 2140 subsistit
2198 2061 2339 2157 post
2407 2092 2649 2158 corpuS,
2723 2094 2973 2157 prae-1⁵

650 2178 1088 2244 termittendus
1150 2177 1239 2243 ibi
1295 2181 1408 2260 est,
1473 2178 1545 2244 ut
1612 2178 1690 2243 ad
1757 2177 2135 2244 rationalem
2198 2178 2493 2260 spiritum
2557 2179 2907 2244 ueniamus.

648 2282 844 2364 igitur
899 2281 1158 2365 spiritus
1212 2281 1634 2363 quantitatem
1692 2300 1814 2347 non
1872 2281 2077 2360 habet,
2156 2282 2213 2346 si
2269 2301 2417 2348 uero
2474 2283 2699 2366 longus
2744 2281 2913 2348 esset

651 2388 762 2451 aut
832 2385 1019 2464 latus,
1095 2385 1366 2468 quantus
1431 2385 1554 2450 rite
1619 2384 1837 2467 utique
1901 2385 2230 2451 diceretur.
2322 2388 2661 2467 prudenter
2737 2387 2907 2452 enim

651 2487 996 2557 secernitur
1051 2488 1116 2554 et
1171 2489 1533 2572 segregatur
1575 2505 1616 2553 a
1659 2505 1929 2571 corpore,
1987 2488 2133 2571 quia
2193 2487 2535 2572 quantitati
2587 2507 2715 2555 non
2758 2490 2910 2557 sub-

651 2596 831 2670 iacet,
879 2593 1165 2676 quamuis
1211 2592 1532 2657 subiaceat
1573 2591 1887 2673 qualitati.
1954 2592 2245 2658 accidunt
2276 2594 2483 2657 animo
2516 2593 2908 2677 disciplinae,
2926 2621 2975 2661 »ο

654 2696 878 2763 accidit
919 2695 1168 2761 iustitia
1213 2696 1275 2760 et
1318 2694 1660 2774 iniustitia,
1708 2695 1967 2761 castitas
2014 2697 2078 2761 et
2123 2695 2334 2761 libido.
2408 2698 2707 2778 quattuor
2738 2699 2911 2763 enim

651 2801 799 2867 sunt
864 2798 1124 2865 uirtutes
1189 2799 1580 2880 principales,
1647 2798 1715 2863 id
1780 2802 1878 2865 est
1941 2800 2281 2885 prudentia
2348 2806 2411 2867 et
2458 2804 2905 2883 temperantia,

653 2903 957 2969 fortitudo
1002 2906 1064 2967 ct
1107 2900 1367 2967 iustitia.
1435 2919 1562 2967 non
1607 2902 1777 2967 enim
1807 2901 1925 2967 hoc
1952 2904 2047 2969 est
2076 2902 2323 2967 animus
2358 2902 2707 2991 <prudens>
2740 2906 2909 2989 quod

654 3005 1000 3091 prudentia,
1074 3022 1186 3070 nec
1256 3006 1458 3070 iustus
1533 3006 1695 3089 quod
1760 3005 2023 3087 iustitia,
2099 3025 2213 3073 nec
2282 3010 2666 3091 temperatus
2742 3011 2909 3093 quod

653 3106 1088 3192 temperantia,
1135 3125 1246 3173 nec
1289 3106 1468 3173 fortis
1512 3109 1677 3190 quod
1723 3108 2041 3175 fortitudo.
2103 3108 2277 3177 aliud
2306 3114 2403 3175 est
2438 3128 2571 3176 esse
2604 3112 2907 3191 animum,
2927 3141 2974 3181 25

655 3211 827 3277 aliud
879 3209 1116 3276 iustum
1172 3211 1471 3275 animum.
1549 3229 1694 3276 cum
1749 3212 1915 3277 enim
1970 3212 2103 3279 dico
2148 3214 2387 3279 iustum
2432 3214 2739 3295 animum,
2789 3218 2908 3281 duo

760 3489 791 3541 1
826 3485 946 3555 hoc]
985 3485 1039 3537 h*
1075 3484 1169 3548 M,
1228 3484 1320 3539 hic
1356 3485 1587 3539 editores
1791 3484 1823 3538 2
1869 3486 2057 3540 referri
2104 3487 2161 3554 b,
2222 3486 2419 3541 referre
2452 3488 2528 3541 M
2727 3506 2907 3544 enun-

655 3573 786 3627 tiati
837 3571 1337 3639 interpunctionem
1391 3572 1624 3625 correxit
1680 3570 2029 3627 Schenkelins
2281 3574 2316 3627 3
2369 3574 2607 3642 cepimus
2660 3574 2733 3629 M
2741 3576 2774 3629 b

655 3659 689 3712 6
739 3658 1007 3711 minuitur
1053 3655 1226 3724 igitur
1272 3656 1329 3723 b,
1392 3656 1568 3710 minor
1606 3662 1633 3709 ὅ
1669 3657 1841 3725 igitur
1886 3658 1979 3724 M,
2032 3660 2233 3713 rectius
2270 3659 2510 3726 fortasse
2544 3676 2572 3714 e
2608 3660 2809 3716 codicis
2842 3661 2915 3715 M

655 3744 885 3798 lectione
946 3740 1316 3810 minu[ig]itur
1372 3742 1679 3796 restitueris
1939 3745 2233 3798 uerborum
2290 3747 2721 3813 transpositione
2779 3762 2911 3801 usus

657 3829 925 3883 minuitur
977 3828 1150 3896 igitur
1201 3829 1261 3882 in
1307 3829 1426 3881 tota
1470 3832 1625 3897 parte
1671 3829 1920 3899 quoniam
1966 3830 2132 3883 habet
2178 3830 2378 3885 suadet
2426 3830 2776 3887 Schenkelius

659 3916 910 3984 quoniam
961 3914 1017 3980 b,
1073 3916 1209 3983 equii
1263 3914 1339 3967 M
1558 3915 1590 3968 7
1645 3914 1881 3969 dextram
1936 3914 1967 3969 b
2185 3918 2249 3970 11
2304 3918 2451 3970 uitae
2502 3918 2731 3987 scripsi,
2792 3920 2911 3973 uita

655 4002 768 4056 Mb
809 4054 816 4061 ,
974 4000 1032 4054 id
1085 4000 1177 4065 M,
1238 4003 1294 4054 et
1347 4001 1582 4057 editores
1802 4002 1997 4071 accipit
2050 4002 2109 4066 b,
2169 4002 2368 4057 accidit
2420 4004 2492 4057 M
2717 4006 2781 4059 16
2829 4003 2907 4058 ibi

656 4087 882 4155 scripsi,
940 4087 1046 4140 tibi
1080 4087 1295 4141 mauult
1334 4087 1711 4153 Schenketius,
1769 4088 1869 4151 tib;
1905 4088 2001 4153 M,
2055 4104 2153 4144 om.
2194 4089 2427 4144 editores
2621 4090 2691 4145 ad
2722 4106 2907 4159 super-

655 4188 760 4232 ser.
813 4173 904 4228 M¹
1109 4173 1180 4227 22
1231 4176 1286 4228 et
1338 4190 1438 4229 om.
1497 4174 1730 4229 editores
1932 4176 2003 4229 23
2053 4176 2267 4230 animus
2311 4178 2534 4245 scripsi,
2596 4177 2781 4233 animu
2822 4176 2911 4241 Μ,

657 4275 935 4415 αὲἰᾶηαᾶ,
996 4276 1164 4329 animi
1191 4277 1263 4345 p²
1466 4278 1699 4347 prudens
1736 4277 1865 4333 add.
1904 4276 2279 4345 SchenkeliuS,
2342 4294 2440 4333 om.
2479 4280 2550 4333 M
2754 4281 2819 4335 25
2852 4265 2913 4334 ὦ

654 4378 692 4414 α
775 4400 789 4415 .

3120 2189 3125 2502 l

3117 2521 3123 2821 l
