3175 5050
2448 485 2652 532 XVIIII

401 656 686 738 conponi.
721 692 802 702 -
833 653 936 734 54,
984 655 1024 719 3
1068 672 1326 717 rursum
1369 653 1444 716 in
1496 651 1607 734 (Μ,
1654 671 1728 716 ex
1771 653 1932 734 rell.)
2000 653 2452 733 conparatione
2492 673 2647 736 yra-

401 761 556 826 clum
598 759 844 841 faciens
888 755 1296 838 interpolator
1339 758 1469 820 sine
1517 754 1703 820 dubio
1748 775 1841 833 ex,
1898 757 2056 838 quod
2104 756 2221 820 hoc
2264 755 2395 820 1000
2437 754 2646 822 minus

399 866 619 945 aptum
661 862 764 927 uel
811 864 970 926 certe
1013 861 1220 925 minus
1267 862 1569 924 usitatum
1613 858 1955 937 uideretur,
2003 860 2067 922 in
2112 859 2186 921 in
2220 859 2514 925 mutauit.
2566 897 2646 908 --

401 966 503 1042 56,
550 967 591 1030 9
633 965 860 1028 anima
913 983 1073 1045 quac
1133 962 1387 1042 corpori
1439 962 1601 1025 iuste
1644 960 1997 1041 dominata,
2055 981 2217 1042 quac
2260 961 2507 1026 domino
2538 961 2650 1041 pie

399 1070 675 1149 iusteque
739 1067 850 1150 (M,
911 1085 1030 1130 om.
1093 1065 1260 1150 rell.)
1313 1065 1638 1146 famulata
1694 1070 1811 1130 cst:
1875 1084 1996 1130 non
2039 1066 2243 1147 petest
2288 1065 2494 1130 anima
2539 1068 2648 1130 deo

401 1173 564 1236 iuste
630 1170 947 1246 famulari,
1018 1187 1164 1248 nam
1232 1168 1471 1232 iustum
1529 1186 1660 1232 esse
1727 1171 1820 1232 est
1891 1166 2147 1245 domini,
2216 1186 2338 1232 nou
2406 1169 2645 1244 famuli,

403 1293 591 1356 quam
635 1274 710 1338 ob
758 1293 891 1336 rem
932 1273 1213 1352 iusteque
1259 1289 1328 1334 ex
1373 1270 1538 1334 linea
1591 1272 1997 1335 antecedente
2052 1270 2175 1334 11110
2219 1270 2470 1335 illatum
2516 1290 2649 1336 esse

399 1377 567 1442 omni
613 1375 1005 1441 dubitatione
1049 1377 1250 1438 maius
1297 1376 1413 1437 est.
1447 1407 1532 1419 —-
1563 1374 1665 1451 57,
1698 1375 1785 1438 20
1813 1373 2045 1454 duplcoe
2075 1375 2215 1457 erqo
2246 1378 2333 1437 est
2360 1374 2649 1456 angelica

399 1479 590 1544 sicuti
633 1483 720 1543 cst
763 1478 1044 1542 humana
1092 1475 1483 1540 substantia:
1553 1479 1641 1540 est
1698 1478 1837 1558 post
1879 1496 2019 1558 erqo
2063 1476 2319 1558 praebet
2364 1477 2531 1541 solus
2577 1477 2648 1542 M

398 1601 594 1664 neque
637 1582 804 1645 idem
837 1581 1208 1648 uocabulum
1235 1581 1300 1645 in
1332 1581 1544 1645 eodem
1577 1581 1893 1645 enuntiato
1923 1583 2018 1644 bis
2050 1581 2318 1662 positum
2350 1580 2643 1662 languere

397 1685 614 1768 negari
658 1687 882 1766 potest.
961 1686 1065 1748 sed
1111 1685 1202 1747 est
1243 1683 1446 1764 priore
1490 1685 1622 1747 1000
1693 1700 1833 1746 011111
1898 1681 1997 1744 Mv
2042 1699 2176 1747 esse
2249 1684 2647 1748 retinendum

400 1791 463 1852 et
506 1789 712 1870 potius
756 1786 1098 1868 posteriore
1145 1785 1274 1849 loco
1323 1785 1653 1848 delendum
1700 1803 2042 1862 censemuS,
2097 1786 2170 1849 ut
2216 1785 2376 1850 hane
2422 1789 2642 1868 genui-

399 1910 548 1956 nam
614 1909 748 1954 esse
817 1889 1148 1954 lectionem
1218 1889 1598 1953 statuamus:
1672 1886 1909 1969 duplex
1982 1907 2123 1970 erqo
2200 1891 2289 1952 e'st
2356 1888 2643 1970 anqelica

400 1993 590 2058 sicuti
631 1992 916 2057 humana
983 1991 1358 2056 substantia.
1399 2028 1469 2036 —
1519 1992 1623 2070 60,
1673 1993 1707 2054 7
1754 1991 1960 2055 10011111
2026 2010 2097 2054 ex
2155 1992 2270 2055 act.
2332 1993 2525 2074 apost.
2580 1992 2640 2070 4,
2704 2029 2711 2034 ·

399 2097 484 2162 32
537 2097 627 2160 sie
685 2095 930 2160 exhibet
973 2095 1081 2158 Mt.
1138 2113 1306 2158 unus
1351 2094 1739 2158 credentium
1782 2112 2067 2175 unusque
2110 2094 2461 2159 nolentium
2504 2099 2643 2159 erat

395 2200 653 2265 animus
696 2203 753 2262 et
781 2217 882 2263 cor
909 2218 1132 2277 unum,
1163 2197 1333 2262 rell.:
1369 2217 1572 2261 unum
1602 2198 1986 2262 credentium
2016 2217 2337 2278 unumque
2366 2198 2637 2262 uolenti-

393 2323 504 2366 um
569 2307 709 2367 erat
761 2302 985 2366 anima
1030 2307 1084 2365 ct
1140 2321 1246 2365 cor
1300 2321 1520 2381 unum,
1596 2319 1738 2365 cum
1799 2301 1866 2366 in
1921 2301 2190 2366 editione
2248 2302 2505 2386 uulgata
2555 2303 2643 2366 sic

396 2407 671 2490 legatur:
737 2405 1176 2471 multitudinis
1241 2408 1450 2468 autem
1515 2404 1900 2468 credentium
1960 2408 2099 2469 erat
2152 2423 2255 2468 cor
2322 2425 2525 2468 unum
2583 2408 2643 2469 ct

393 2509 620 2573 anima
664 2528 815 2574 una.
891 2513 1140 2592 propter
1184 2528 1400 2574 uoeem
1430 2527 1532 2572 cor
1562 2527 1685 2572 11011
1716 2508 1993 2585 animus,
2027 2508 2135 2571 sed
2167 2507 2395 2572 anima
2426 2511 2639 2574 dieen-

394 2616 540 2679 dum
587 2632 719 2679 esse
767 2615 1024 2691 constat,
1073 2613 1138 2677 id
1183 2614 1345 2695 quod
1391 2612 1579 2677 etiam
1614 2613 1921 2693 scriptura
1951 2612 2247 2694 uulgatae
2282 2616 2637 2694 comproba-

395 2718 516 2779 tur.
596 2734 749 2798 quae
796 2734 940 2780 cum
983 2716 1075 2780 ita
1120 2718 1263 2793 sint,
1332 2714 1495 2779 falsa
1540 2716 1639 2779 est
1681 2715 1864 2781 lectio
1912 2718 2137 2781 codicis
2181 2715 2266 2796 M,
2338 2716 2513 2781 euius
2557 2716 2635 2781 li-

398 2818 642 2885 brarius
673 2820 835 2884 male
867 2819 1083 2883 doetus
1115 2818 1383 2883 offensus
1417 2820 1508 2881 est
1539 2819 1608 2882 in
1633 2836 1723 2901 00,
1756 2819 1917 2900 quod
1941 2819 2371 2899 praedicatum
2396 2821 2635 2903 generis

391 2923 599 2988 neutri
653 2922 1042 2987 referendum
1101 2927 1264 2988 esset
1323 2924 1400 2987 ad
1466 2923 1816 2987 subiectum
1862 2924 2104 3005 generis
2150 2922 2473 3013 feminini..
2528 2924 2634 2989 sed

391 3029 520 3091 eius
565 3027 736 3091 modi
781 3026 1060 3109 exempla
1105 3046 1174 3091 ex
1217 3028 1348 3109 ipso
1394 3026 1737 3092 Claudiano
1782 3028 1987 3109 petere
2034 3028 2279 3108 poterat
2312 3028 2632 3107 nonnulla,

388 3128 469 3193 cf.
517 3129 704 3195 indie.
749 3129 870 3195 ΙΙΙ.
921 3168 992 3179 ·—-
1031 3130 1133 3205 63,
1196 3129 1269 3194 11
1319 3150 1474 3194 nam
1520 3134 1577 3193 ct
1620 3148 1761 3194 cum
1808 3128 2042 3209 flamus
2086 3134 2145 3193 et
2190 3130 2299 3210 (M,
2348 3150 2423 3195 ac
2467 3134 2629 3213 rell.)

386 3230 697 3312 reflamus,
742 3233 1100 3311 particulas
1145 3234 1278 3297 cius
1307 3232 1643 3297 haurimus
1686 3236 1745 3296 ct
1786 3233 2140 3299 reddimus:
2187 3234 2346 3298 illud
2390 3240 2445 3299 et
2489 3240 2633 3301 ante

389 3352 532 3398 cum
573 3336 700 3400 iam
745 3336 1093 3417 antiquitus
1138 3338 1304 3401 male
1360 3338 1755 3402 intellectum
1801 3342 1913 3414 est,
1972 3338 2136 3402 unde
2178 3338 2413 3421 partim
2455 3356 2630 3421 pror-

387 3456 491 3503 sus
555 3436 727 3505 abest
796 3440 863 3505 in
939 3438 1117 3506 libris
1179 3439 1617 3521 ABDEF81,
1696 3442 1927 3522 partim
1995 3460 2256 3523 sequens
2315 3462 2391 3505 ac
2448 3442 2515 3506 in
2576 3447 2633 3507 et

385 3540 700 3605 mutatum
747 3546 841 3607 est
888 3543 978 3623 (in
1007 3542 1120 3624 M).
1179 3544 1286 3607 sed
1331 3562 1404 3607 ac
1449 3561 1572 3607 non
1604 3562 1731 3608 esse
1761 3546 2193 3628 temptandum
2226 3544 2368 3609 inde
2402 3546 2624 3625 elucet,

389 3646 548 3725 quod
589 3644 825 3725 flamus
869 3664 943 3709 ac
987 3645 1286 3726 reflamus
1341 3647 1474 3711 arte
1521 3648 1801 3712 cohaeret
1833 3652 1895 3711 et
1928 3647 2087 3711 nihil
2118 3648 2287 3713 aliud
2318 3648 2631 3729 significat

385 3764 456 3811 ae
500 3747 801 3829 spiritum
844 3748 1064 3813 ducere
1106 3750 1210 3814 uel
1253 3750 1459 3832 potius
1504 3749 1843 3833 respirare,
1896 3754 1953 3814 et
1998 3750 2213 3815 autem
2258 3752 2641 3817 antecedens*

384 3846 548 3913 idem
607 3851 779 3914 ualet
839 3854 1023 3933 atque
1070 3852 1277 3915 etiam.
1307 3890 1393 3899 -—
1425 3852 1525 3931 65,
1574 3854 1615 3917 9
1658 3852 1850 3917 huius
1894 3854 2065 3919 modi
2110 3856 2317 3917 autem
2362 3853 2629 3917 motibus

385 3951 640 4015 animae
677 3952 794 4037 (M,
842 3954 1065 4018 anima
1092 3955 1258 4037 rell.)
1308 3976 1439 4020 non
1483 3957 1910 4020 communicat
1948 3974 2175 4037 corpus
2228 3958 2338 4038 (M,
2386 3976 2627 4039 corpor

382 4053 567 4137 rell.),
615 4055 840 4136 quibus
883 4056 1118 4121 inmoto
1160 4057 1583 4123 nihilominus
1628 4078 1879 4141 corpore
1924 4062 2236 4124 mouetur:
2287 4059 2515 4125 codicis
2560 4060 2631 4125 M

385 4155 758 4237 scripturam
821 4160 1138 4242 amplexus
1197 4180 1357 4238 sum,
1415 4163 1578 4244 quod
1634 4161 1977 4245 simplicior
2037 4165 2099 4225 et
2157 4161 2319 4227 hane
2376 4164 2450 4228 ob
2495 4184 2626 4229 rem

384 4259 586 4342 magis
615 4262 887 4343 genuina
915 4262 1263 4329 uidebatur.
1320 4283 1482 4329 nunc
1529 4267 1741 4330 autem
1771 4270 2088 4348 perspecta
2118 4264 2249 4331 eius
2286 4266 2627 4332 lectionum

382 4363 664 4442 quaesita
709 4365 774 4429 et
817 4365 1028 4431 fucata
1073 4366 1469 4449 simplicitate
1512 4367 1590 4432 ad
1634 4368 1903 4451 reliquos
1963 4368 2202 4435 codices
2258 4369 2622 4453 refugimuS,

2348 4503 2424 4556 b*
