3175 5050
235 2058 410 2151 (logicen

487 439 596 486 1111

409 609 468 674 Β
581 606 786 674 Codex
826 604 1242 672 bibliothecae
1287 602 1627 672 Vaticanae
1662 603 2033 686 Reginensis
2074 623 2171 669 nr.
2219 605 2340 674 201
2390 607 2732 672 membran.

491 712 558 776 in
614 709 684 778 8⁰
740 709 1029 777 foliorum
1085 707 1170 774 80
1225 725 1381 774 saec.
1427 705 1488 770 X
1528 707 1803 788 scriptus
1860 710 2083 784 eadem
2133 726 2291 791 quae
2336 708 2399 790 Α,
2440 709 2737 788 continet,

490 814 614 881 nisi
670 811 830 896 quod
889 810 1124 881 uerbis:
1189 809 1360 879 illud,
1425 808 1841 894 ampliuscule
1894 811 2300 890 sermocinati.
2351 829 2571 876 sumus
2626 811 2734 894 (cf.

492 917 641 983 edit.
686 933 832 999 pag.
880 915 1034 1000 188..
1068 915 1134 996 9)
1186 912 1432 980 desinit.

413 1087 456 1154 S
573 1087 778 1155 Codex
832 1085 1247 1152 bibliothecae
1306 1085 1648 1150 Vaticanae
1699 1085 2025 1150 Palatinus
2070 1106 2163 1152 nr.
2209 1086 2336 1152 240
2380 1086 2729 1155 membran.

488 1193 558 1258 in
599 1191 672 1259 4⁰
714 1190 1008 1256 foliorum
1047 1191 1132 1256 64
1175 1207 1331 1260 saec.
1381 1189 1476 1258 XI
1521 1189 1801 1258 exaratus
1833 1187 2166 1256 Claudiani
2190 1193 2267 1256 de
2296 1191 2465 1255 statu
2494 1193 2732 1257 animae

488 1295 678 1360 libros
723 1293 998 1360 continet
1041 1293 1452 1374 capitulorum
1494 1290 1699 1362 indico
1743 1291 1989 1356 omisso.
2058 1292 2241 1360 huius
2274 1295 2339 1358 et
2368 1293 2732 1376 Baginensis

491 1397 718 1463 codicis
760 1398 1113 1463 accuratam
1143 1393 1541 1460 collationem
1586 1393 1851 1462 confecit
1884 1392 1948 1460 N
1950 1394 2183 1462 icolaus
2228 1394 2495 1460 Mueller
2524 1397 2731 1478 Lipsi-

491 1501 672 1575 ensis,
705 1517 892 1581 quam
919 1517 1133 1566 meum
1159 1500 1225 1562 in
1254 1516 1436 1566 usum
1465 1497 1851 1581 comparauit
1882 1516 1936 1563 c.
1963 1517 2014 1564 r.
2039 1498 2357 1564 academia
2382 1500 2735 1564 litterarum

488 1603 996 1671 vindobonensis.
1071 1601 1340 1684 reliquos
1406 1601 1641 1668 codices
1710 1619 1923 1668 omnes
1986 1601 2119 1684 ipse
2194 1602 2431 1667 excussi
2502 1603 2735 1684 partim

488 1706 746 1775 Parisiis
806 1724 954 1772 uere
999 1706 1144 1772 anni
1190 1704 1375 1786 1883,
1429 1705 1665 1787 partim
1710 1704 2129 1780 Vindobona
2198 1724 2319 1789 quo
2384 1706 2735 1772 transmissi

489 1811 638 1874 sunt
720 1807 1139 1874 intercedente
1227 1806 1440 1873 eadem
1529 1808 1848 1873 academia
1933 1807 2171 1874 codices
2250 1807 2587 1891 Lipsiensis
2672 1813 2738 1876 et

486 1913 823 1980 Heluetici.

271 2122 294 2152 Θ
347 2110 456 2152 -0103
566 2065 950 2148 Comparatis
1006 2064 1104 2132 his
1160 2065 1313 2130 artis
1370 2063 1624 2130 criticae
1680 2063 1975 2134 subsidiis
2030 2063 2229 2129 facile.
2271 2065 2551 2129 intellexi
2605 2083 2729 2129 non

486 2169 752 2253 amplius
810 2187 962 2250 opus
1017 2186 1149 2233 esse
1201 2167 1455 2249 reliquis
1515 2169 1703 2248 atque
1759 2167 1838 2231 iis
1894 2166 2339 2234 recentioribus
2407 2167 2725 2232 codicibus

484 2274 563 2338 ad
605 2273 848 2338 textum
892 2268 1222 2337 Claudiani
1265 2273 1432 2334 recte
1477 2269 2000 2334 constituendum.
2077 2270 2486 2335 adseruantur
2517 2270 2726 2334 autem

485 2378 616 2443 eius
659 2375 902 2460 generis
945 2374 1015 2439 in
1058 2373 1451 2440 bibliothecis
1482 2373 1630 2438 libri
1668 2373 1838 2437 haud
1866 2372 2068 2454 pauci,
2101 2391 2362 2454 quorum
2391 2391 2504 2457 ego
2536 2374 2729 2437 habeo

485 2479 796 2562 notitiam,
863 2496 1059 2561 neque
1117 2476 1346 2559 deesse,
1406 2495 1556 2561 quos
1602 2475 1879 2542 nondum
1922 2478 2224 2558 nouerim,
2297 2476 2552 2541 confido.
2626 2475 2731 2541 sed

488 2604 559 2649 ex
614 2586 873 2666 utroque
931 2583 1210 2648 codicum
1264 2599 1485 2664 genere
1529 2582 1697 2647 haud
1739 2600 2035 2665 magnam
2076 2580 2558 2647 redundaturam
2602 2600 2729 2645 esse

483 2687 828 2752 utilitatem
867 2703 978 2768 pro
1024 2687 1190 2751 certo
1221 2685 1686 2765 affirmauerim‚
1723 2704 1909 2768 quare
1937 2686 2154 2770 paucis
2186 2686 2423 2751 codices
2454 2684 2729 2750 nouicios

484 2790 642 2855 mihi
689 2792 864 2856 notos
910 2787 1196 2873 tetigisse
1255 2789 1355 2854 sat
1397 2789 1533 2853 erit.
1601 2790 1751 2853 sunt
1805 2793 2016 2854 autem
2060 2788 2157 2869 hi:
2217 2789 2399 2852 codex
2458 2786 2730 2881 Angelo-

485 2896 814 2959 montanus
858 2894 977 2976 15⁴5
1019 2892 1280 2957 membr.
1325 2910 1489 2957 saec.
1547 2893 1677 2957 XII
1722 2892 1997 2957 exeuntis
2044 2892 2125 2957 78
2171 2891 2465 2957 foliorum
2509 2891 2727 2956 ceteris

485 2997 809 3063 Claudiani
839 2995 1158 3061 codicibus
1188 2994 1536 3060 Helueticis
1566 2995 1718 3061 satis
1742 2994 1993 3059 similis.
2040 2995 2389 3060 collationis
2414 2994 2726 3076 specimen

483 3102 558 3166 R.
604 3102 761 3166 Beer
805 3099 961 3164 mihi
1005 3098 1379 3163 transmisit.
1413 3136 1494 3146 —
1525 3099 1711 3163 codex
1742 3099 2057 3163 Trecensis
2101 3118 2195 3162 nr.
2228 3098 2354 3163 256
2400 3116 2560 3163 saec.
2604 3098 2729 3162 XII

485 3204 595 3287 (cf.
641 3201 972 3286 cataloyue
1009 3199 1272 3285 yeneral
1312 3202 1421 3267 cles
1461 3200 1848 3265 manuscrits
1889 3202 1998 3267 cles
2041 3199 2479 3281 bibliotheque-s
2512 3201 2725 3282 publi-

483 3324 631 3387 ques
672 3306 779 3370 des
822 3303 1307 3387 Departements
1336 3305 1399 3369 H
1432 3304 1601 3384 128).
1633 3340 1718 3351 --
1749 3304 1939 3369 codex
1968 3305 2362 3371 Monacensis
2393 3326 2484 3372 nr.
2521 3306 2731 3373 16064

485 3409 747 3495 membr.
796 3408 862 3473 in
889 3409 965 3477 4⁰
1008 3426 1164 3473 saec.
1213 3408 1695 3474 XIII—XIIII.
1725 3443 1812 3454 —
1843 3408 2029 3473 codex
2074 3409 2572 3474 Meermanianus
2600 3408 2725 3475 507

485 3512 868 3595 (Middlehill
911 3530 1006 3577 nr.
1053 3510 1264 3599 1714„
1305 3510 1383 3577 cf.
1428 3510 1699 3595 Haenel‚
1746 3497 2020 3594 cataloyi
2064 3510 2370 3577 librorum
2414 3532 2557 3579 mss.
2607 3518 2727 3593 etc.

483 3618 651 3708 Lips.
713 3615 878 3685 1830
930 3632 991 3697 p.
1039 3610 1190 3699 852)
1239 3614 1580 3678 membran.
1628 3632 1782 3679 saec.
1827 3614 1985 3679 XIII
2027 3616 2320 3693 ineuntis,
2368 3634 2485 3697 quo
2530 3619 2722 3683 conti-

483 3720 738 3785 nentur:
805 3714 1080 3798 epistula
1137 3714 1490 3781 Claudiani
1547 3717 1636 3801 ael
1692 3717 2029 3783 Sidonium
2072 3719 2450 3800 episcopum,
2498 3739 2625 3799 qua
2666 3720 2727 3783 ei

483 3825 705 3886 contra
751 3819 1068 3885 Faustum
1113 3818 1304 3885 libros
1345 3820 1701 3901 dedicauit‚·
1745 3820 2021 3904 epistula
2052 3821 2311 3905 Sidonii
2340 3822 2426 3885 ad
2460 3820 2725 3887 Claudi-

482 3944 716 4002 anum,·
771 3922 1043 3987 eiusdem
1097 3922 1374 4003 epistula
1427 3922 1502 3987 cle
1555 3927 1750 3987 morte
1811 3922 2167 3991 Claudiani
2220 3928 2278 3987 et
2330 3924 2726 4007 epitaphium

485 4027 622 4109 (lib.
666 4026 794 4091 HII
840 4046 932 4109 ep.
980 4026 1134 4108 XI);
1187 4027 1418 4092 incerti
1462 4027 1740 4091 auctoris
1798 4031 1897 4109 (ut
1934 4027 2059 4108 fert
2101 4026 2342 4111 titulu3‚
2387 4032 2476 4093 est
2517 4030 2725 4090 autem

487 4127 721 4193 Fausti
775 4128 1086 4213 Reieusis)
1137 4129 1380 4195 libellus
1424 4130 1731 4197 aduersus
1762 4130 2048 4195 Arianos
2090 4134 2149 4195 et
2194 4130 2725 4208 Macedouiauos3

487 4232 838 4299 Claudiani
895 4233 1046 4298 libri
1098 4234 1228 4299 ΙΙΙ
1273 4234 1350 4299 de
1404 4238 1580 4298 statu
1637 4234 1914 4301 animae.
2000 4253 2123 4317 qua
2177 4254 2251 4299 ex
2293 4232 2575 4299 Haenelii
2618 4234 2727 4297 de-

483 4336 807 4419 scriptione
880 4337 1109 4403 librum
1185 4356 1327 4403 cum
1400 4337 1605 4404 codice
1676 4338 2216 4421 Montepessulano
2275 4339 2331 4403 D
2384 4338 2715 4401 maximam
