<?xml version="1.0" encoding="UTF-8"?>
<!DOCTYPE html PUBLIC "-//W3C//DTD XHTML 1.0 Transitional//EN"
    "http://www.w3.org/TR/xhtml1/DTD/xhtml1-transitional.dtd">
<html xmlns="http://www.w3.org/1999/xhtml" xml:lang="en" lang="en">
 <head>
  <title>
</title>
<meta http-equiv="Content-Type" content="text/html;charset=utf-8" />
  <meta name='ocr-system' content='tesseract 3.04.00' />
  <meta name='ocr-capabilities' content='ocr_page ocr_carea ocr_par ocr_line ocrx_word'/>
</head>
<body>
  <div class='ocr_page' id='page_1' title='image "./corpusscriptoru28wiengoog_0053.png"; bbox 0 0 3175 5050; ppageno 0'>
   <div class='ocr_carea' id='block_1_1' title="bbox 2492 407 2667 454">
    <p class='ocr_par' dir='ltr' id='par_1_1' title="bbox 2492 407 2667 454">
     <span class='ocr_line' id='line_1_1' title="bbox 2492 407 2667 454; baseline 0 -2"><span class='ocrx_word' id='word_1_1' title='bbox 2492 407 2667 454; x_wconf 86' lang='lat' dir='ltr'>XLIII</span> 
     </span>
    </p>
   </div>
   <div class='ocr_carea' id='block_1_2' title="bbox 393 575 2793 2396">
    <p class='ocr_par' dir='ltr' id='par_1_2' title="bbox 393 575 2793 2396">
     <span class='ocr_line' id='line_1_2' title="bbox 393 575 2665 662; baseline -0.001 -20"><span class='ocrx_word' id='word_1_2' title='bbox 393 577 662 661; x_wconf 77' lang='lat' dir='ltr'><strong><em>poribus</em></strong></span> <span class='ocrx_word' id='word_1_3' title='bbox 711 578 962 643; x_wconf 71' lang='lat' dir='ltr'><strong><em>unitate</em></strong></span> <span class='ocrx_word' id='word_1_4' title='bbox 1016 576 1374 658; x_wconf 73' lang='lat' dir='ltr'><strong><em>sapientiae</em></strong></span> <span class='ocrx_word' id='word_1_5' title='bbox 1427 577 1593 662; x_wconf 88' lang='lat' dir='ltr'><strong><em>duas</em></strong></span> <span class='ocrx_word' id='word_1_6' title='bbox 1646 575 1907 640; x_wconf 77' lang='lat' dir='ltr'><strong><em>animas</em></strong></span> <span class='ocrx_word' id='word_1_7' title='bbox 1960 595 2165 641; x_wconf 83' lang='lat' dir='ltr'><strong><em>unam</em></strong></span> <span class='ocrx_word' id='word_1_8' title='bbox 2215 575 2441 658; x_wconf 81' lang='lat' dir='ltr'><strong><em>facere.</em></strong></span> <span class='ocrx_word' id='word_1_9' title='bbox 2503 597 2665 658; x_wconf 85' lang='lat' dir='ltr'><strong><em>pro-</em></strong></span> 
     </span>
     <span class='ocr_line' id='line_1_3' title="bbox 403 679 2669 764; baseline -0.002 -16"><span class='ocrx_word' id='word_1_10' title='bbox 403 681 840 748; x_wconf 74' lang='lat' dir='ltr'><strong><em>sternidaretis</em></strong></span> <span class='ocrx_word' id='word_1_11' title='bbox 900 685 1296 762; x_wconf 73' lang='lat' dir='ltr'><strong><em>paratosque</em></strong></span> <span class='ocrx_word' id='word_1_12' title='bbox 1365 679 1797 762; x_wconf 72' lang='lat' dir='ltr'><strong><em>(paratisque)</em></strong></span> <span class='ocrx_word' id='word_1_13' title='bbox 1866 679 2019 745; x_wconf 83' lang='lat' dir='ltr'><strong>libri</strong></span> <span class='ocrx_word' id='word_1_14' title='bbox 2080 679 2302 764; x_wconf 88' lang='lat' dir='ltr'><strong><em>optimi</em></strong></span> <span class='ocrx_word' id='word_1_15' title='bbox 2366 681 2669 761; x_wconf 83' lang='lat' dir='ltr'><strong><em>praebent</em></strong></span> 
     </span>
     <span class='ocr_line' id='line_1_4' title="bbox 401 770 2664 868; baseline -0.003 -15"><span class='ocrx_word' id='word_1_16' title='bbox 401 786 617 868; x_wconf 80' lang='lat' dir='ltr'><strong><em>aperto</em></strong></span> <span class='ocrx_word' id='word_1_17' title='bbox 663 787 728 852; x_wconf 90' lang='lat' dir='ltr'><strong><em>et</em></strong></span> <span class='ocrx_word' id='word_1_18' title='bbox 769 783 1038 868; x_wconf 88' lang='lat' dir='ltr'><strong><em>simplici</em></strong></span> <span class='ocrx_word' id='word_1_19' title='bbox 1082 801 1306 863; x_wconf 87' lang='lat' dir='ltr'><strong><em>errore,</em></strong></span> <span class='ocrx_word' id='word_1_20' title='bbox 1357 802 1505 848; x_wconf 88' lang='lat' dir='ltr'><strong><em>nam</em></strong></span> <span class='ocrx_word' id='word_1_21' title='bbox 1547 784 1601 847; x_wconf 91' lang='lat' dir='ltr'><strong><em>si</em></strong></span> <span class='ocrx_word' id='word_1_22' title='bbox 1646 782 1923 866; x_wconf 83' lang='lat' dir='ltr'><strong><em>singulas</em></strong></span> <span class='ocrx_word' id='word_1_23' title='bbox 1978 801 2163 848; x_wconf 78' lang='lat' dir='ltr'><strong><em>uoces</em></strong></span> <span class='ocrx_word' id='word_1_24' title='bbox 2218 783 2383 847; x_wconf 84' lang='lat' dir='ltr'><strong><em>reete</em></strong></span> <span class='ocrx_word' id='word_1_25' title='bbox 2438 770 2664 848; x_wconf 82' lang='lat' dir='ltr'><strong><em>distin-</em></strong></span> 
     </span>
     <span class='ocr_line' id='line_1_5' title="bbox 403 884 2666 967; baseline -0.002 -13"><span class='ocrx_word' id='word_1_26' title='bbox 403 889 567 954; x_wconf 82' lang='lat' dir='ltr'><strong><em>xeris</em></strong></span> <span class='ocrx_word' id='word_1_27' title='bbox 633 888 696 954; x_wconf 88' lang='lat' dir='ltr'><strong><em>et</em></strong></span> <span class='ocrx_word' id='word_1_28' title='bbox 758 887 1006 952; x_wconf 83' lang='lat' dir='ltr'><strong><em>litteras</em></strong></span> <span class='ocrx_word' id='word_1_29' title='bbox 1065 886 1111 951; x_wconf 93' lang='lat' dir='ltr'><strong><em>d</em></strong></span> <span class='ocrx_word' id='word_1_30' title='bbox 1167 890 1230 952; x_wconf 88' lang='lat' dir='ltr'><strong><em>et</em></strong></span> <span class='ocrx_word' id='word_1_31' title='bbox 1273 890 1300 950; x_wconf 88' lang='lat' dir='ltr'><strong><em>t</em></strong></span> <span class='ocrx_word' id='word_1_32' title='bbox 1359 885 1629 952; x_wconf 84' lang='lat' dir='ltr'><strong><em>inuicem</em></strong></span> <span class='ocrx_word' id='word_1_33' title='bbox 1699 884 2171 967; x_wconf 80' lang='lat' dir='ltr'><strong><em>permutaueriS‚</em></strong></span> <span class='ocrx_word' id='word_1_34' title='bbox 2240 886 2447 950; x_wconf 85' lang='lat' dir='ltr'><strong><em>omnia</em></strong></span> <span class='ocrx_word' id='word_1_35' title='bbox 2512 903 2666 951; x_wconf 81' lang='lat' dir='ltr'><strong><em>sana</em></strong></span> 
     </span>
     <span class='ocr_line' id='line_1_6' title="bbox 404 987 2663 1074; baseline -0.002 -17"><span class='ocrx_word' id='word_1_36' title='bbox 404 992 606 1057; x_wconf 89' lang='lat' dir='ltr'><strong><em>erunt.</em></strong></span> <span class='ocrx_word' id='word_1_37' title='bbox 651 1009 850 1073; x_wconf 89' lang='lat' dir='ltr'><strong><em>neque</em></strong></span> <span class='ocrx_word' id='word_1_38' title='bbox 877 1005 1027 1054; x_wconf 90' lang='lat' dir='ltr'><strong><em>uero</em></strong></span> <span class='ocrx_word' id='word_1_39' title='bbox 1058 1008 1191 1056; x_wconf 87' lang='lat' dir='ltr'><strong><em>esse</em></strong></span> <span class='ocrx_word' id='word_1_40' title='bbox 1222 989 1492 1074; x_wconf 84' lang='lat' dir='ltr'><strong><em>uidetur,</em></strong></span> <span class='ocrx_word' id='word_1_41' title='bbox 1540 1007 1653 1054; x_wconf 87' lang='lat' dir='ltr'><strong><em>eur</em></strong></span> <span class='ocrx_word' id='word_1_42' title='bbox 1692 1006 1913 1054; x_wconf 87' lang='lat' dir='ltr'><strong><em>uocem</em></strong></span> <span class='ocrx_word' id='word_1_43' title='bbox 1948 987 2411 1068; x_wconf 64' lang='lat' dir='ltr'><strong><em>prosternitafre</em></strong></span> <span class='ocrx_word' id='word_1_44' title='bbox 2444 989 2663 1072; x_wconf 79' lang='lat' dir='ltr'><strong><em>genui·-</em></strong></span> 
     </span>
     <span class='ocr_line' id='line_1_7' title="bbox 404 1089 2663 1177; baseline -0.003 -15"><span class='ocrx_word' id='word_1_45' title='bbox 404 1112 552 1162; x_wconf 79' lang='lat' dir='ltr'><strong><em>nam</em></strong></span> <span class='ocrx_word' id='word_1_46' title='bbox 581 1113 714 1160; x_wconf 90' lang='lat' dir='ltr'><strong><em>esse</em></strong></span> <span class='ocrx_word' id='word_1_47' title='bbox 741 1111 1057 1177; x_wconf 78' lang='lat' dir='ltr'><strong><em>negemus,</em></strong></span> <span class='ocrx_word' id='word_1_48' title='bbox 1104 1110 1248 1157; x_wconf 86' lang='lat' dir='ltr'><strong><em>nam</em></strong></span> <span class='ocrx_word' id='word_1_49' title='bbox 1279 1095 1490 1158; x_wconf 84' lang='lat' dir='ltr'><strong><em>eodem</em></strong></span> <span class='ocrx_word' id='word_1_50' title='bbox 1522 1093 1725 1174; x_wconf 89' lang='lat' dir='ltr'><strong><em>modo,</em></strong></span> <span class='ocrx_word' id='word_1_51' title='bbox 1759 1109 1879 1173; x_wconf 87' lang='lat' dir='ltr'><strong><em>quo</em></strong></span> <span class='ocrx_word' id='word_1_52' title='bbox 1910 1110 1982 1156; x_wconf 85' lang='lat' dir='ltr'><strong><em>ex</em></strong></span> <span class='ocrx_word' id='word_1_53' title='bbox 2011 1090 2339 1172; x_wconf 76' lang='lat' dir='ltr'><strong><em>defendere</em></strong></span> <span class='ocrx_word' id='word_1_54' title='bbox 2362 1095 2427 1154; x_wconf 88' lang='lat' dir='ltr'><strong><em>et</em></strong></span> <span class='ocrx_word' id='word_1_55' title='bbox 2447 1089 2663 1174; x_wconf 82' lang='lat' dir='ltr'><strong><em>defen-</em></strong></span> 
     </span>
     <span class='ocr_line' id='line_1_8' title="bbox 399 1194 2665 1277; baseline -0.001 -15"><span class='ocrx_word' id='word_1_56' title='bbox 399 1215 546 1262; x_wconf 89' lang='lat' dir='ltr'><strong><em>sare</em></strong></span> <span class='ocrx_word' id='word_1_57' title='bbox 589 1200 654 1262; x_wconf 91' lang='lat' dir='ltr'><strong><em>et</em></strong></span> <span class='ocrx_word' id='word_1_58' title='bbox 695 1196 1079 1277; x_wconf 75' lang='lat' dir='ltr'><strong><em>defensitare</em></strong></span> <span class='ocrx_word' id='word_1_59' title='bbox 1121 1194 1568 1272; x_wconf 77' lang='lat' dir='ltr'>formabantur,</span> <span class='ocrx_word' id='word_1_60' title='bbox 1630 1197 1821 1260; x_wconf 86' lang='lat' dir='ltr'><strong><em>etiam</em></strong></span> <span class='ocrx_word' id='word_1_61' title='bbox 1867 1215 1941 1260; x_wconf 84' lang='lat' dir='ltr'><strong><em>ex</em></strong></span> <span class='ocrx_word' id='word_1_62' title='bbox 1972 1197 2369 1276; x_wconf 77' lang='lat' dir='ltr'><strong><em>prosternere</em></strong></span> <span class='ocrx_word' id='word_1_63' title='bbox 2414 1195 2477 1258; x_wconf 84' lang='lat' dir='ltr'><strong><em>et</em></strong></span> <span class='ocrx_word' id='word_1_64' title='bbox 2508 1215 2665 1275; x_wconf 88' lang='lat' dir='ltr'><strong><em>pro-</em></strong></span> 
     </span>
     <span class='ocr_line' id='line_1_9' title="bbox 397 1298 2660 1382; baseline -0.001 -17"><span class='ocrx_word' id='word_1_65' title='bbox 397 1308 688 1366; x_wconf 85' lang='lat' dir='ltr'><strong><em>sternare</em></strong></span> <span class='ocrx_word' id='word_1_66' title='bbox 731 1299 838 1382; x_wconf 82' lang='lat' dir='ltr'><strong><em>(cf.</em></strong></span> <span class='ocrx_word' id='word_1_67' title='bbox 883 1301 1310 1377; x_wconf 73' lang='lat' dir='ltr'><strong><em>consternare)</em></strong></span> <span class='ocrx_word' id='word_1_68' title='bbox 1361 1299 1424 1364; x_wconf 91' lang='lat' dir='ltr'><strong><em>et</em></strong></span> <span class='ocrx_word' id='word_1_69' title='bbox 1469 1299 1933 1380; x_wconf 78' lang='lat' dir='ltr'><strong><em>prosternitare</em></strong></span> <span class='ocrx_word' id='word_1_70' title='bbox 1979 1299 2129 1380; x_wconf 87' lang='lat' dir='ltr'><strong><em>quin</em></strong></span> <span class='ocrx_word' id='word_1_71' title='bbox 2174 1298 2432 1362; x_wconf 86' lang='lat' dir='ltr'><strong><em>formari</em></strong></span> <span class='ocrx_word' id='word_1_72' title='bbox 2475 1301 2660 1379; x_wconf 89' lang='lat' dir='ltr'><strong><em>potu-</em></strong></span> 
     </span>
     <span class='ocr_line' id='line_1_10' title="bbox 401 1400 2663 1485; baseline -0.001 -17"><span class='ocrx_word' id='word_1_73' title='bbox 401 1403 586 1481; x_wconf 88' lang='lat' dir='ltr'><strong><em>erint,</em></strong></span> <span class='ocrx_word' id='word_1_74' title='bbox 647 1423 767 1468; x_wconf 88' lang='lat' dir='ltr'><strong><em>non</em></strong></span> <span class='ocrx_word' id='word_1_75' title='bbox 825 1401 1206 1468; x_wconf 74' lang='lat' dir='ltr'><strong><em>dubitamus·</em></strong></span> <span class='ocrx_word' id='word_1_76' title='bbox 1257 1441 1330 1454; x_wconf 89' lang='lat'><em>-</em></span> <span class='ocrx_word' id='word_1_77' title='bbox 1386 1403 1527 1480; x_wconf 82' lang='lat'><strong><em>189,</em></strong></span> <span class='ocrx_word' id='word_1_78' title='bbox 1580 1402 1661 1468; x_wconf 85' lang='lat'><strong><em>15</em></strong></span> <span class='ocrx_word' id='word_1_79' title='bbox 1716 1403 1881 1482; x_wconf 78' lang='lat' dir='ltr'><strong><em>quod</em></strong></span> <span class='ocrx_word' id='word_1_80' title='bbox 1923 1421 2031 1485; x_wconf 75' lang='lat' dir='ltr'><strong><em>eqo</em></strong></span> <span class='ocrx_word' id='word_1_81' title='bbox 2074 1400 2275 1466; x_wconf 78' lang='lat' dir='ltr'><strong><em>nolim</em></strong></span> <span class='ocrx_word' id='word_1_82' title='bbox 2320 1420 2434 1465; x_wconf 84' lang='lat' dir='ltr'><strong><em>nec</em></strong></span> <span class='ocrx_word' id='word_1_83' title='bbox 2484 1401 2663 1481; x_wconf 77' lang='lat' dir='ltr'><strong><em>faxis</em></strong></span> 
     </span>
     <span class='ocr_line' id='line_1_11' title="bbox 395 1502 2658 1587; baseline -0.001 -18"><span class='ocrx_word' id='word_1_84' title='bbox 395 1525 713 1587; x_wconf 85' lang='lat' dir='ltr'><strong><em>persuasu</em></strong></span> <span class='ocrx_word' id='word_1_85' title='bbox 767 1505 930 1570; x_wconf 75' lang='lat' dir='ltr'><strong><em>istuc</em></strong></span> <span class='ocrx_word' id='word_1_86' title='bbox 993 1504 1146 1570; x_wconf 86' lang='lat' dir='ltr'><strong><em>olim</em></strong></span> <span class='ocrx_word' id='word_1_87' title='bbox 1205 1505 1424 1586; x_wconf 77' lang='lat' dir='ltr'><strong><em>scripsi</em></strong></span> <span class='ocrx_word' id='word_1_88' title='bbox 1472 1504 1649 1586; x_wconf 88' lang='lat' dir='ltr'>(libri</span> <span class='ocrx_word' id='word_1_89' title='bbox 1694 1505 1917 1586; x_wconf 87' lang='lat' dir='ltr'><strong><em>optimi</em></strong></span> <span class='ocrx_word' id='word_1_90' title='bbox 1960 1515 2085 1585; x_wconf 86' lang='lat' dir='ltr'><strong><em>per</em></strong></span> <span class='ocrx_word' id='word_1_91' title='bbox 2138 1523 2336 1569; x_wconf 84' lang='lat' dir='ltr'><strong><em>suasu</em></strong></span> <span class='ocrx_word' id='word_1_92' title='bbox 2380 1502 2483 1570; x_wconf 87' lang='lat' dir='ltr'><strong><em>uel</em></strong></span> <span class='ocrx_word' id='word_1_93' title='bbox 2531 1524 2658 1584; x_wconf 90' lang='lat' dir='ltr'><strong><em>pro</em></strong></span> 
     </span>
     <span class='ocr_line' id='line_1_12' title="bbox 396 1606 2657 1690; baseline -0.002 -16"><span class='ocrx_word' id='word_1_94' title='bbox 396 1610 622 1688; x_wconf 87' lang='lat' dir='ltr'><strong><em>suasu)</em></strong></span> <span class='ocrx_word' id='word_1_95' title='bbox 689 1609 755 1673; x_wconf 88' lang='lat' dir='ltr'><strong><em>et</em></strong></span> <span class='ocrx_word' id='word_1_96' title='bbox 811 1627 1003 1673; x_wconf 89' lang='lat' dir='ltr'><strong><em>unam</em></strong></span> <span class='ocrx_word' id='word_1_97' title='bbox 1060 1627 1274 1674; x_wconf 87' lang='lat' dir='ltr'><strong><em>uocem</em></strong></span> <span class='ocrx_word' id='word_1_98' title='bbox 1341 1610 1487 1689; x_wconf 88' lang='lat' dir='ltr'><strong><em>(non</em></strong></span> <span class='ocrx_word' id='word_1_99' title='bbox 1543 1609 1698 1672; x_wconf 88' lang='lat' dir='ltr'><strong><em>duas</em></strong></span> <span class='ocrx_word' id='word_1_100' title='bbox 1746 1625 1889 1672; x_wconf 89' lang='lat' dir='ltr'><strong><em>cum</em></strong></span> <span class='ocrx_word' id='word_1_101' title='bbox 1948 1606 2157 1690; x_wconf 85' lang='lat' dir='ltr'><strong><em>libris)</em></strong></span> <span class='ocrx_word' id='word_1_102' title='bbox 2203 1606 2657 1671; x_wconf 73' lang='lat' dir='ltr'><strong><em>restituendam</em></strong></span> 
     </span>
     <span class='ocr_line' id='line_1_13' title="bbox 401 1709 2659 1790; baseline 0 -16"><span class='ocrx_word' id='word_1_103' title='bbox 401 1729 532 1776; x_wconf 88' lang='lat' dir='ltr'><strong><em>esse</em></strong></span> <span class='ocrx_word' id='word_1_104' title='bbox 594 1711 950 1776; x_wconf 84' lang='lat' dir='ltr'><strong><em>etiamnunc</em></strong></span> <span class='ocrx_word' id='word_1_105' title='bbox 1009 1711 1172 1776; x_wconf 86' lang='lat' dir='ltr'><strong><em>mihi</em></strong></span> <span class='ocrx_word' id='word_1_106' title='bbox 1233 1711 1655 1775; x_wconf 83' lang='lat' dir='ltr'><strong><em>certissimum</em></strong></span> <span class='ocrx_word' id='word_1_107' title='bbox 1714 1711 1826 1774; x_wconf 89' lang='lat' dir='ltr'><strong><em>est.</em></strong></span> <span class='ocrx_word' id='word_1_108' title='bbox 1894 1709 2005 1774; x_wconf 87' lang='lat' dir='ltr'><strong><em>sed</em></strong></span> <span class='ocrx_word' id='word_1_109' title='bbox 2060 1710 2347 1790; x_wconf 86' lang='lat' dir='ltr'><strong><em>praestat</em></strong></span> <span class='ocrx_word' id='word_1_110' title='bbox 2392 1709 2659 1774; x_wconf 88' lang='lat' dir='ltr'><strong><em>fortasse</em></strong></span> 
     </span>
     <span class='ocr_line' id='line_1_14' title="bbox 393 1810 2659 1896; baseline 0 -19"><span class='ocrx_word' id='word_1_111' title='bbox 393 1833 746 1895; x_wconf 75' lang='lat' dir='ltr'><strong><em>persuasus</em></strong></span> <span class='ocrx_word' id='word_1_112' title='bbox 791 1814 1056 1881; x_wconf 88' lang='lat' dir='ltr'><strong><em>scribere</em></strong></span> <span class='ocrx_word' id='word_1_113' title='bbox 1100 1815 1241 1879; x_wconf 86' lang='lat' dir='ltr'><strong><em>coll.</em></strong></span> <span class='ocrx_word' id='word_1_114' title='bbox 1291 1814 1396 1891; x_wconf 85' lang='lat'><strong><em>85,</em></strong></span> <span class='ocrx_word' id='word_1_115' title='bbox 1447 1815 1528 1878; x_wconf 93' lang='grc'><strong><em>10</em></strong></span> <span class='ocrx_word' id='word_1_116' title='bbox 1577 1815 1676 1895; x_wconf 85' lang='lat' dir='ltr'><strong><em>(ut</em></strong></span> <span class='ocrx_word' id='word_1_117' title='bbox 1706 1810 1961 1896; x_wconf 77' lang='lat' dir='ltr'><strong><em>anima)</em></strong></span> <span class='ocrx_word' id='word_1_118' title='bbox 1995 1829 2319 1893; x_wconf 87' lang='lat' dir='ltr'><strong><em>persuasa</em></strong></span> <span class='ocrx_word' id='word_1_119' title='bbox 2360 1814 2659 1890; x_wconf 75' lang='lat' dir='ltr'><strong><em>patiatur</em></strong></span> 
     </span>
     <span class='ocr_line' id='line_1_15' title="bbox 397 1915 2659 1999; baseline 0 -19"><span class='ocrx_word' id='word_1_120' title='bbox 397 1917 568 1994; x_wconf 65' lang='lat' dir='ltr'><strong><em>‘illud</em></strong></span> <span class='ocrx_word' id='word_1_121' title='bbox 635 1917 817 1982; x_wconf 82' lang='lat' dir='ltr'><strong><em>intra</em></strong></span> <span class='ocrx_word' id='word_1_122' title='bbox 883 1923 1071 1982; x_wconf 83' lang='lat' dir='ltr'><strong><em>semet</em></strong></span> <span class='ocrx_word' id='word_1_123' title='bbox 1136 1918 1347 1999; x_wconf 75' lang='lat' dir='ltr'><strong><em>‘ipsam</em></strong></span> <span class='ocrx_word' id='word_1_124' title='bbox 1412 1918 1593 1984; x_wconf 76' lang='lat' dir='ltr'><strong><em>iuste.</em></strong></span> <span class='ocrx_word' id='word_1_125' title='bbox 1655 1953 1737 1964; x_wconf 91' lang='lat'><strong><em>·-—</em></strong></span> <span class='ocrx_word' id='word_1_126' title='bbox 1798 1917 1941 1995; x_wconf 83' lang='lat'><strong><em>145,</em></strong></span> <span class='ocrx_word' id='word_1_127' title='bbox 2018 1917 2096 1980; x_wconf 84' lang='lat'><strong><em>21</em></strong></span> <span class='ocrx_word' id='word_1_128' title='bbox 2164 1935 2297 1997; x_wconf 75' lang='lat' dir='ltr'><strong><em>qua</em></strong></span> <span class='ocrx_word' id='word_1_129' title='bbox 2360 1915 2659 1982; x_wconf 70' lang='lat' dir='ltr'><strong><em>uidelicet</em></strong></span> 
     </span>
     <span class='ocr_line' id='line_1_16' title="bbox 397 2017 2657 2100; baseline 0.001 -18"><span class='ocrx_word' id='word_1_130' title='bbox 397 2019 772 2085; x_wconf 69' lang='lat' dir='ltr'><strong><em>auctoritate</em></strong></span> <span class='ocrx_word' id='word_1_131' title='bbox 815 2040 1039 2085; x_wconf 84' lang='lat' dir='ltr'><strong><em>uerum</em></strong></span> <span class='ocrx_word' id='word_1_132' title='bbox 1083 2019 1254 2086; x_wconf 74' lang='lat' dir='ltr'><strong><em>ilbud</em></strong></span> <span class='ocrx_word' id='word_1_133' title='bbox 1297 2039 1500 2084; x_wconf 79' lang='lat' dir='ltr'><strong><em>unum</em></strong></span> <span class='ocrx_word' id='word_1_134' title='bbox 1528 2023 1681 2084; x_wconf 84' lang='lat' dir='ltr'><strong><em>ante</em></strong></span> <span class='ocrx_word' id='word_1_135' title='bbox 1726 2023 2199 2100; x_wconf 86' lang='lat' dir='ltr'><strong><em>temporaneum</em></strong></span> <span class='ocrx_word' id='word_1_136' title='bbox 2233 2017 2478 2082; x_wconf 85' lang='lat' dir='ltr'><strong><em>caelum</em></strong></span> <span class='ocrx_word' id='word_1_137' title='bbox 2520 2039 2657 2084; x_wconf 88' lang='lat' dir='ltr'><strong><em>cre-</em></strong></span> 
     </span>
     <span class='ocr_line' id='line_1_17' title="bbox 397 2123 2787 2213; baseline -0.001 -26"><span class='ocrx_word' id='word_1_138' title='bbox 397 2123 545 2188; x_wconf 89' lang='lat' dir='ltr'><strong><em>dere</em></strong></span> <span class='ocrx_word' id='word_1_139' title='bbox 573 2123 884 2188; x_wconf 68' lang='lat' dir='ltr'><strong><em>sr‘mimur:</em></strong></span> <span class='ocrx_word' id='word_1_140' title='bbox 919 2123 1076 2188; x_wconf 89' lang='lat' dir='ltr'><strong><em>mihi</em></strong></span> <span class='ocrx_word' id='word_1_141' title='bbox 1106 2143 1270 2189; x_wconf 83' lang='lat' dir='ltr'><strong><em>nunc</em></strong></span> <span class='ocrx_word' id='word_1_142' title='bbox 1294 2125 1548 2189; x_wconf 87' lang='lat' dir='ltr'><strong><em>dubium</em></strong></span> <span class='ocrx_word' id='word_1_143' title='bbox 1573 2143 1699 2189; x_wconf 90' lang='lat' dir='ltr'><strong><em>non</em></strong></span> <span class='ocrx_word' id='word_1_144' title='bbox 1723 2124 1834 2200; x_wconf 88' lang='lat' dir='ltr'><strong><em>est,</em></strong></span> <span class='ocrx_word' id='word_1_145' title='bbox 1866 2125 2015 2206; x_wconf 90' lang='lat' dir='ltr'><strong><em>quin</em></strong></span> <span class='ocrx_word' id='word_1_146' title='bbox 2036 2126 2657 2202; x_wconf 83' lang='lat' dir='ltr'><strong><em>antetemporaneum</em></strong></span> <span class='ocrx_word' id='word_1_147' title='bbox 2781 2207 2787 2213; x_wconf 27' lang='grc'><strong>-</strong></span> 
     </span>
     <span class='ocr_line' id='line_1_18' title="bbox 403 2221 2793 2310; baseline -0.001 -18"><span class='ocrx_word' id='word_1_148' title='bbox 403 2245 516 2308; x_wconf 86' lang='lat' dir='ltr'><strong><em>per</em></strong></span> <span class='ocrx_word' id='word_1_149' title='bbox 559 2246 748 2292; x_wconf 86' lang='lat' dir='ltr'><strong><em>unam</em></strong></span> <span class='ocrx_word' id='word_1_150' title='bbox 793 2245 1010 2292; x_wconf 84' lang='lat' dir='ltr'><strong><em>uocem</em></strong></span> <span class='ocrx_word' id='word_1_151' title='bbox 1046 2227 1133 2292; x_wconf 89' lang='lat' dir='ltr'><strong><em>sit</em></strong></span> <span class='ocrx_word' id='word_1_152' title='bbox 1162 2227 1576 2306; x_wconf 87' lang='lat' dir='ltr'><strong><em>scribendum,</em></strong></span> <span class='ocrx_word' id='word_1_153' title='bbox 1627 2226 1913 2310; x_wconf 86' lang='lat' dir='ltr'><strong><em>quamuis</em></strong></span> <span class='ocrx_word' id='word_1_154' title='bbox 1944 2225 2094 2291; x_wconf 86' lang='lat' dir='ltr'><strong><em>alibi</em></strong></span> <span class='ocrx_word' id='word_1_155' title='bbox 2122 2225 2239 2290; x_wconf 81' lang='lat' dir='ltr'><strong><em>hoe</em></strong></span> <span class='ocrx_word' id='word_1_156' title='bbox 2267 2225 2653 2291; x_wconf 82' lang='lat' dir='ltr'><strong><em>adieetiuum</em></strong></span> <span class='ocrx_word' id='word_1_157' title='bbox 2789 2221 2793 2226; x_wconf 81' lang='grc'><strong>’</strong></span> 
     </span>
     <span class='ocr_line' id='line_1_19' title="bbox 403 2330 2521 2396; baseline 0 -2"><span class='ocrx_word' id='word_1_158' title='bbox 403 2331 646 2394; x_wconf 85' lang='lat' dir='ltr'><strong><em>exstare</em></strong></span> <span class='ocrx_word' id='word_1_159' title='bbox 689 2349 814 2395; x_wconf 89' lang='lat' dir='ltr'><strong><em>non</em></strong></span> <span class='ocrx_word' id='word_1_160' title='bbox 859 2330 1274 2396; x_wconf 80' lang='lat' dir='ltr'><strong><em>meminerim.</em></strong></span> <span class='ocrx_word' id='word_1_161' title='bbox 2518 2355 2521 2359; x_wconf 91' lang='lat'>·</span> 
     </span>
    </p>
   </div>
   <div class='ocr_carea' id='block_1_3' title="bbox 385 2447 2658 4385">
    <p class='ocr_par' dir='ltr' id='par_1_3' title="bbox 385 2447 2658 4385">
     <span class='ocr_line' id='line_1_20' title="bbox 485 2447 2657 2535; baseline -0.001 -21"><span class='ocrx_word' id='word_1_162' title='bbox 485 2449 624 2514; x_wconf 90' lang='lat' dir='ltr'>VII.</span> <span class='ocrx_word' id='word_1_163' title='bbox 673 2449 892 2515; x_wconf 85' lang='lat' dir='ltr'><strong><em>Restat</em></strong></span> <span class='ocrx_word' id='word_1_164' title='bbox 937 2454 1009 2516; x_wconf 90' lang='lat' dir='ltr'><strong><em>ut</em></strong></span> <span class='ocrx_word' id='word_1_165' title='bbox 1037 2451 1114 2516; x_wconf 88' lang='lat' dir='ltr'><strong><em>de</em></strong></span> <span class='ocrx_word' id='word_1_166' title='bbox 1149 2451 1540 2535; x_wconf 86' lang='lat' dir='ltr'><strong><em>singularum</em></strong></span> <span class='ocrx_word' id='word_1_167' title='bbox 1583 2449 1943 2515; x_wconf 88' lang='lat' dir='ltr'><strong><em>litterarum</em></strong></span> <span class='ocrx_word' id='word_1_168' title='bbox 1975 2447 2453 2533; x_wconf 74' lang='lat' dir='ltr'><strong><em>permutatione,</em></strong></span> <span class='ocrx_word' id='word_1_169' title='bbox 2500 2465 2657 2531; x_wconf 88' lang='lat' dir='ltr'><strong><em>quae</em></strong></span> 
     </span>
     <span class='ocr_line' id='line_1_21' title="bbox 397 2553 2655 2638; baseline -0 -21"><span class='ocrx_word' id='word_1_170' title='bbox 397 2555 464 2621; x_wconf 90' lang='lat' dir='ltr'><strong><em>in</em></strong></span> <span class='ocrx_word' id='word_1_171' title='bbox 509 2555 838 2637; x_wconf 80' lang='lat' dir='ltr'><strong><em>archetypo</em></strong></span> <span class='ocrx_word' id='word_1_172' title='bbox 886 2556 1169 2621; x_wconf 85' lang='lat' dir='ltr'><strong><em>codicum</em></strong></span> <span class='ocrx_word' id='word_1_173' title='bbox 1215 2556 1569 2621; x_wconf 87' lang='lat' dir='ltr'><strong><em>nostrorum</em></strong></span> <span class='ocrx_word' id='word_1_174' title='bbox 1616 2557 1898 2638; x_wconf 80' lang='lat' dir='ltr'><strong><em>grassata</em></strong></span> <span class='ocrx_word' id='word_1_175' title='bbox 1930 2557 2045 2627; x_wconf 90' lang='lat' dir='ltr'><strong><em>est,</em></strong></span> <span class='ocrx_word' id='word_1_176' title='bbox 2092 2553 2501 2635; x_wconf 87' lang='lat' dir='ltr'><strong><em>disputemus.</em></strong></span> <span class='ocrx_word' id='word_1_177' title='bbox 2558 2553 2655 2616; x_wconf 88' lang='lat' dir='ltr'><strong><em>at·</em></strong></span> 
     </span>
     <span class='ocr_line' id='line_1_22' title="bbox 397 2655 2658 2741; baseline -0.001 -21"><span class='ocrx_word' id='word_1_178' title='bbox 397 2676 519 2739; x_wconf 89' lang='lat' dir='ltr'><strong><em>que</em></strong></span> <span class='ocrx_word' id='word_1_179' title='bbox 585 2658 833 2722; x_wconf 83' lang='lat' dir='ltr'><strong><em>uocales</em></strong></span> <span class='ocrx_word' id='word_1_180' title='bbox 879 2658 908 2721; x_wconf 79' lang='lat' dir='ltr'><strong><em>i</em></strong></span> <span class='ocrx_word' id='word_1_181' title='bbox 955 2660 1017 2722; x_wconf 90' lang='lat' dir='ltr'><strong><em>et</em></strong></span> <span class='ocrx_word' id='word_1_182' title='bbox 1058 2676 1090 2723; x_wconf 91' lang='lat' dir='ltr'><strong><em>e</em></strong></span> <span class='ocrx_word' id='word_1_183' title='bbox 1154 2662 1546 2741; x_wconf 87' lang='lat' dir='ltr'><strong><em>permutatae</em></strong></span> <span class='ocrx_word' id='word_1_184' title='bbox 1614 2661 1791 2722; x_wconf 90' lang='lat' dir='ltr'><strong><em>erant</em></strong></span> <span class='ocrx_word' id='word_1_185' title='bbox 1853 2657 1955 2721; x_wconf 88' lang='lat' dir='ltr'><strong><em>his</em></strong></span> <span class='ocrx_word' id='word_1_186' title='bbox 1998 2656 2188 2722; x_wconf 82' lang='lat' dir='ltr'><strong><em>loeis:</em></strong></span> <span class='ocrx_word' id='word_1_187' title='bbox 2233 2656 2338 2736; x_wconf 86' lang='lat'><strong><em>43,</em></strong></span> <span class='ocrx_word' id='word_1_188' title='bbox 2386 2657 2465 2720; x_wconf 83' lang='lat'><strong><em>21</em></strong></span> <span class='ocrx_word' id='word_1_189' title='bbox 2513 2655 2658 2737; x_wconf 73' lang='lat' dir='ltr'><strong><em>iuye</em></strong></span> 
     </span>
     <span class='ocr_line' id='line_1_23' title="bbox 394 2756 2656 2845; baseline -0.001 -22"><span class='ocrx_word' id='word_1_190' title='bbox 394 2778 674 2840; x_wconf 79' lang='lat' dir='ltr'><strong><em>namque</em></strong></span> <span class='ocrx_word' id='word_1_191' title='bbox 735 2759 1072 2845; x_wconf 86' lang='lat' dir='ltr'><strong><em>(Schottus‚</em></strong></span> <span class='ocrx_word' id='word_1_192' title='bbox 1133 2760 1546 2843; x_wconf 72' lang='lat' dir='ltr'><strong><em>iuyinamqae</em></strong></span> <span class='ocrx_word' id='word_1_193' title='bbox 1602 2760 1794 2841; x_wconf 87' lang='lat' dir='ltr'><strong><em>libri),</em></strong></span> <span class='ocrx_word' id='word_1_194' title='bbox 1869 2760 2011 2835; x_wconf 87' lang='grc'>124,</span> <span class='ocrx_word' id='word_1_195' title='bbox 2058 2760 2137 2823; x_wconf 91' lang='grc'>21</span> <span class='ocrx_word' id='word_1_196' title='bbox 2202 2758 2390 2823; x_wconf 80' lang='lat' dir='ltr'><strong><em>cebete</em></strong></span> <span class='ocrx_word' id='word_1_197' title='bbox 2446 2756 2656 2840; x_wconf 78' lang='lat' dir='ltr'><strong><em>(cibete</em></strong></span> 
     </span>
     <span class='ocr_line' id='line_1_24' title="bbox 392 2860 2653 2946; baseline -0.001 -19"><span class='ocrx_word' id='word_1_198' title='bbox 392 2864 535 2929; x_wconf 80' lang='lat' dir='ltr'><strong><em>sim.</em></strong></span> <span class='ocrx_word' id='word_1_199' title='bbox 595 2860 790 2943; x_wconf 89' lang='lat' dir='ltr'><strong><em>libri),</em></strong></span> <span class='ocrx_word' id='word_1_200' title='bbox 861 2863 1003 2946; x_wconf 85' lang='grc'>132,</span> <span class='ocrx_word' id='word_1_201' title='bbox 1054 2862 1132 2926; x_wconf 90' lang='grc'><strong><em>19</em></strong></span> <span class='ocrx_word' id='word_1_202' title='bbox 1192 2881 1442 2943; x_wconf 87' lang='lat' dir='ltr'><strong><em>corpore</em></strong></span> <span class='ocrx_word' id='word_1_203' title='bbox 1505 2864 1681 2944; x_wconf 85' lang='lat' dir='ltr'><strong><em>(corr.</em></strong></span> <span class='ocrx_word' id='word_1_204' title='bbox 1733 2860 2179 2945; x_wconf 77' lang='lat' dir='ltr'><strong><em>DEFH⁹LS,</em></strong></span> <span class='ocrx_word' id='word_1_205' title='bbox 2244 2862 2492 2941; x_wconf 72' lang='lat' dir='ltr'><strong><em>corpori</em></strong></span> <span class='ocrx_word' id='word_1_206' title='bbox 2535 2866 2653 2927; x_wconf 86' lang='lat' dir='ltr'><strong><em>etc.</em></strong></span> 
     </span>
     <span class='ocr_line' id='line_1_25' title="bbox 395 2964 2655 3049; baseline 0 -19"><span class='ocrx_word' id='word_1_207' title='bbox 395 2966 588 3045; x_wconf 89' lang='lat' dir='ltr'><strong><em>rell.),</em></strong></span> <span class='ocrx_word' id='word_1_208' title='bbox 663 2964 802 3045; x_wconf 84' lang='lat'><strong><em>135,</em></strong></span> <span class='ocrx_word' id='word_1_209' title='bbox 853 2968 930 3029; x_wconf 90' lang='lat'><strong><em>11</em></strong></span> <span class='ocrx_word' id='word_1_210' title='bbox 976 2964 1211 3045; x_wconf 86' lang='lat' dir='ltr'><strong><em>pendet</em></strong></span> <span class='ocrx_word' id='word_1_211' title='bbox 1265 2968 1450 3048; x_wconf 84' lang='lat' dir='ltr'><strong><em>(corr.</em></strong></span> <span class='ocrx_word' id='word_1_212' title='bbox 1498 2964 1917 3042; x_wconf 70' lang='lat' dir='ltr'><strong><em>AG⁹H²LS,</em></strong></span> <span class='ocrx_word' id='word_1_213' title='bbox 1975 2964 2205 3044; x_wconf 75' lang='lat' dir='ltr'><strong><em>pendit</em></strong></span> <span class='ocrx_word' id='word_1_214' title='bbox 2247 2964 2438 3049; x_wconf 71' lang='lat' dir='ltr'><strong><em>rell),</em></strong></span> <span class='ocrx_word' id='word_1_215' title='bbox 2512 2966 2655 3049; x_wconf 86' lang='lat'><strong><em>155,</em></strong></span> 
     </span>
     <span class='ocr_line' id='line_1_26' title="bbox 391 3064 2656 3149; baseline 0 -18"><span class='ocrx_word' id='word_1_216' title='bbox 391 3068 480 3131; x_wconf 84' lang='grc'>23</span> <span class='ocrx_word' id='word_1_217' title='bbox 547 3067 788 3131; x_wconf 84' lang='lat' dir='ltr'><strong><em>accedet</em></strong></span> <span class='ocrx_word' id='word_1_218' title='bbox 856 3068 974 3149; x_wconf 89' lang='lat' dir='ltr'><strong><em>(ed.</em></strong></span> <span class='ocrx_word' id='word_1_219' title='bbox 1023 3067 1242 3149; x_wconf 68' lang='lat' dir='ltr'><strong><em>Paris,</em></strong></span> <span class='ocrx_word' id='word_1_220' title='bbox 1311 3067 1550 3132; x_wconf 74' lang='lat' dir='ltr'><strong><em>accedtt</em></strong></span> <span class='ocrx_word' id='word_1_221' title='bbox 1618 3067 1814 3148; x_wconf 86' lang='lat' dir='ltr'><strong><em>libri),</em></strong></span> <span class='ocrx_word' id='word_1_222' title='bbox 1895 3067 2037 3148; x_wconf 88' lang='grc'>189,</span> <span class='ocrx_word' id='word_1_223' title='bbox 2102 3065 2183 3129; x_wconf 86' lang='grc'><strong><em>13</em></strong></span> <span class='ocrx_word' id='word_1_224' title='bbox 2250 3064 2656 3148; x_wconf 66' lang='lat' dir='ltr'><strong><em>adhibetoque</em></strong></span> 
     </span>
     <span class='ocr_line' id='line_1_27' title="bbox 395 3165 2654 3253; baseline 0 -20"><span class='ocrx_word' id='word_1_225' title='bbox 395 3168 748 3252; x_wconf 73' lang='lat' dir='ltr'><strong><em>(BarthiuS‚</em></strong></span> <span class='ocrx_word' id='word_1_226' title='bbox 819 3168 1216 3250; x_wconf 75' lang='lat' dir='ltr'><strong><em>adhibitoque</em></strong></span> <span class='ocrx_word' id='word_1_227' title='bbox 1282 3169 1482 3253; x_wconf 82' lang='lat' dir='ltr'><strong><em>libri),</em></strong></span> <span class='ocrx_word' id='word_1_228' title='bbox 1553 3168 1633 3235; x_wconf 86' lang='lat' dir='ltr'><strong><em>cf.</em></strong></span> <span class='ocrx_word' id='word_1_229' title='bbox 1692 3170 2013 3251; x_wconf 84' lang='lat' dir='ltr'><strong><em>praeterea</em></strong></span> <span class='ocrx_word' id='word_1_230' title='bbox 2080 3165 2183 3247; x_wconf 95' lang='grc'>67,</span> <span class='ocrx_word' id='word_1_231' title='bbox 2235 3169 2333 3232; x_wconf 90' lang='grc'><strong><em>11.</em></strong></span> <span class='ocrx_word' id='word_1_232' title='bbox 2399 3168 2503 3245; x_wconf 88' lang='grc'>96,</span> <span class='ocrx_word' id='word_1_233' title='bbox 2554 3169 2654 3234; x_wconf 93' lang='grc'><strong><em>17.</em></strong></span> 
     </span>
     <span class='ocr_line' id='line_1_28' title="bbox 400 3268 2657 3354; baseline -0.001 -18"><span class='ocrx_word' id='word_1_234' title='bbox 400 3270 543 3350; x_wconf 88' lang='grc'>148,</span> <span class='ocrx_word' id='word_1_235' title='bbox 591 3274 648 3337; x_wconf 87' lang='grc'><strong><em>6.</em></strong></span> <span class='ocrx_word' id='word_1_236' title='bbox 700 3272 840 3351; x_wconf 88' lang='grc'>166,</span> <span class='ocrx_word' id='word_1_237' title='bbox 893 3268 989 3335; x_wconf 89' lang='grc'><strong><em>14.</em></strong></span> <span class='ocrx_word' id='word_1_238' title='bbox 1042 3272 1182 3347; x_wconf 89' lang='grc'>176,</span> <span class='ocrx_word' id='word_1_239' title='bbox 1231 3271 1288 3335; x_wconf 92' lang='grc'><strong><em>8.</em></strong></span> <span class='ocrx_word' id='word_1_240' title='bbox 1343 3273 1486 3353; x_wconf 89' lang='grc'>184,</span> <span class='ocrx_word' id='word_1_241' title='bbox 1535 3270 1595 3335; x_wconf 90' lang='grc'><strong><em>8.</em></strong></span> <span class='ocrx_word' id='word_1_242' title='bbox 1658 3288 1770 3354; x_wconf 88' lang='lat' dir='ltr'><strong><em>ego</em></strong></span> <span class='ocrx_word' id='word_1_243' title='bbox 1818 3272 2053 3335; x_wconf 86' lang='lat' dir='ltr'><strong><em>correxi</em></strong></span> <span class='ocrx_word' id='word_1_244' title='bbox 2103 3270 2243 3349; x_wconf 85' lang='lat'><strong><em>138,</em></strong></span> <span class='ocrx_word' id='word_1_245' title='bbox 2281 3272 2314 3333; x_wconf 91' lang='lat'>1</span> <span class='ocrx_word' id='word_1_246' title='bbox 2361 3288 2467 3353; x_wconf 72' lang='lat' dir='ltr'><strong><em>eqo</em></strong></span> <span class='ocrx_word' id='word_1_247' title='bbox 2508 3288 2657 3334; x_wconf 78' lang='lat' dir='ltr'><strong><em>uero</em></strong></span> 
     </span>
     <span class='ocr_line' id='line_1_29' title="bbox 385 3371 2655 3456; baseline 0 -19"><span class='ocrx_word' id='word_1_248' title='bbox 385 3374 840 3456; x_wconf 75' lang='lat' dir='ltr'><strong><em>praeeleyerim</em></strong></span> <span class='ocrx_word' id='word_1_249' title='bbox 898 3372 978 3436; x_wconf 83' lang='lat' dir='ltr'><strong><em>ab</em></strong></span> <span class='ocrx_word' id='word_1_250' title='bbox 1033 3373 1181 3437; x_wconf 76' lang='lat' dir='ltr'><strong><em>istis</em></strong></span> <span class='ocrx_word' id='word_1_251' title='bbox 1234 3392 1378 3438; x_wconf 85' lang='lat' dir='ltr'><strong><em>cum</em></strong></span> <span class='ocrx_word' id='word_1_252' title='bbox 1433 3372 1753 3438; x_wconf 73' lang='lat' dir='ltr'><strong><em>Eucherio</em></strong></span> <span class='ocrx_word' id='word_1_253' title='bbox 1811 3372 1981 3449; x_wconf 75' lang='lat' dir='ltr'><strong><em>reici,</em></strong></span> <span class='ocrx_word' id='word_1_254' title='bbox 2039 3371 2151 3437; x_wconf 91' lang='lat' dir='ltr'><strong><em>ubi</em></strong></span> <span class='ocrx_word' id='word_1_255' title='bbox 2200 3371 2655 3455; x_wconf 71' lang='lat' dir='ltr'><strong><em>praeeliyerem</em></strong></span> 
     </span>
     <span class='ocr_line' id='line_1_30' title="bbox 393 3472 2657 3559; baseline -0.001 -16"><span class='ocrx_word' id='word_1_256' title='bbox 393 3480 661 3544; x_wconf 84' lang='lat' dir='ltr'><strong><em>editores</em></strong></span> <span class='ocrx_word' id='word_1_257' title='bbox 704 3477 930 3543; x_wconf 80' lang='lat' dir='ltr'><strong><em>iniuria</em></strong></span> <span class='ocrx_word' id='word_1_258' title='bbox 973 3474 1255 3541; x_wconf 84' lang='lat' dir='ltr'><strong><em>scribunt</em></strong></span> <span class='ocrx_word' id='word_1_259' title='bbox 1302 3495 1445 3542; x_wconf 87' lang='lat' dir='ltr'><strong><em>eum</em></strong></span> <span class='ocrx_word' id='word_1_260' title='bbox 1487 3476 1556 3541; x_wconf 88' lang='grc' dir='ltr'>Μ</span> <span class='ocrx_word' id='word_1_261' title='bbox 1606 3472 2057 3559; x_wconf 71' lang='lat' dir='ltr'><strong><em>(praeleqerem</em></strong></span> <span class='ocrx_word' id='word_1_262' title='bbox 2096 3474 2237 3552; x_wconf 79' lang='lat' dir='ltr'><strong><em>OG,</em></strong></span> <span class='ocrx_word' id='word_1_263' title='bbox 2271 3476 2657 3559; x_wconf 72' lang='lat' dir='ltr'><strong><em>perteyerem</em></strong></span> 
     </span>
     <span class='ocr_line' id='line_1_31' title="bbox 393 3577 2654 3663; baseline -0.001 -18"><span class='ocrx_word' id='word_1_264' title='bbox 393 3577 578 3663; x_wconf 71' lang='lat' dir='ltr'><strong><em>rell),</em></strong></span> <span class='ocrx_word' id='word_1_265' title='bbox 645 3598 793 3645; x_wconf 86' lang='lat' dir='ltr'><strong><em>nam</em></strong></span> <span class='ocrx_word' id='word_1_266' title='bbox 857 3582 1139 3646; x_wconf 81' lang='lat' dir='ltr'><strong><em>uocalem</em></strong></span> <span class='ocrx_word' id='word_1_267' title='bbox 1185 3600 1218 3645; x_wconf 91' lang='lat' dir='ltr'><strong><em>e</em></strong></span> <span class='ocrx_word' id='word_1_268' title='bbox 1279 3580 1344 3645; x_wconf 91' lang='lat' dir='ltr'><strong><em>in</em></strong></span> <span class='ocrx_word' id='word_1_269' title='bbox 1405 3579 1651 3663; x_wconf 82' lang='lat' dir='ltr'><strong><em>syllaba</em></strong></span> <span class='ocrx_word' id='word_1_270' title='bbox 1716 3579 2250 3662; x_wconf 85' lang='lat' dir='ltr'><strong><em>antepaenultima</em></strong></span> <span class='ocrx_word' id='word_1_271' title='bbox 2317 3579 2654 3662; x_wconf 84' lang='lat' dir='ltr'><strong><em>genuinam</em></strong></span> 
     </span>
     <span class='ocr_line' id='line_1_32' title="bbox 391 3677 2651 3767; baseline 0 -21"><span class='ocrx_word' id='word_1_272' title='bbox 391 3697 532 3747; x_wconf 82' lang='lat' dir='ltr'><strong><em>esse</em></strong></span> <span class='ocrx_word' id='word_1_273' title='bbox 594 3682 900 3749; x_wconf 86' lang='lat' dir='ltr'><strong><em>librorum</em></strong></span> <span class='ocrx_word' id='word_1_274' title='bbox 957 3686 1202 3767; x_wconf 84' lang='lat' dir='ltr'><strong><em>praeter</em></strong></span> <span class='ocrx_word' id='word_1_275' title='bbox 1259 3684 1348 3761; x_wconf 83' lang='lat' dir='ltr'><strong><em>M,</em></strong></span> <span class='ocrx_word' id='word_1_276' title='bbox 1423 3684 1490 3746; x_wconf 88' lang='lat' dir='ltr'><strong><em>in</em></strong></span> <span class='ocrx_word' id='word_1_277' title='bbox 1549 3686 1723 3748; x_wconf 87' lang='lat' dir='ltr'><strong><em>cuius</em></strong></span> <span class='ocrx_word' id='word_1_278' title='bbox 1784 3684 1979 3765; x_wconf 88' lang='lat' dir='ltr'><strong><em>ipsius</em></strong></span> <span class='ocrx_word' id='word_1_279' title='bbox 2042 3682 2214 3747; x_wconf 85' lang='lat' dir='ltr'><strong><em>fonte</em></strong></span> <span class='ocrx_word' id='word_1_280' title='bbox 2273 3684 2409 3746; x_wconf 88' lang='lat' dir='ltr'><strong><em>sine</em></strong></span> <span class='ocrx_word' id='word_1_281' title='bbox 2463 3677 2651 3747; x_wconf 88' lang='lat' dir='ltr'><strong><em>dubio</em></strong></span> 
     </span>
     <span class='ocr_line' id='line_1_33' title="bbox 387 3784 2652 3869; baseline 0 -20"><span class='ocrx_word' id='word_1_282' title='bbox 387 3786 808 3869; x_wconf 77' lang='lat' dir='ltr'><strong><em>praeleyerem</em></strong></span> <span class='ocrx_word' id='word_1_283' title='bbox 853 3786 1149 3865; x_wconf 84' lang='lat' dir='ltr'><strong><em>exstabat,</em></strong></span> <span class='ocrx_word' id='word_1_284' title='bbox 1199 3786 1362 3868; x_wconf 88' lang='lat' dir='ltr'><strong><em>quod</em></strong></span> <span class='ocrx_word' id='word_1_285' title='bbox 1393 3788 1607 3850; x_wconf 88' lang='lat' dir='ltr'><strong><em>tamen</em></strong></span> <span class='ocrx_word' id='word_1_286' title='bbox 1638 3784 1767 3849; x_wconf 66' lang='lat' dir='ltr'><strong><em>suoi·</em></strong></span> <span class='ocrx_word' id='word_1_287' title='bbox 1777 3784 1985 3850; x_wconf 88' lang='lat' dir='ltr'><strong><em>Marte</em></strong></span> <span class='ocrx_word' id='word_1_288' title='bbox 2020 3784 2305 3863; x_wconf 81' lang='lat' dir='ltr'><strong><em>correxit,</em></strong></span> <span class='ocrx_word' id='word_1_289' title='bbox 2352 3798 2652 3849; x_wconf 81' lang='lat' dir='ltr'><strong><em>consensu</em></strong></span> 
     </span>
     <span class='ocr_line' id='line_1_34' title="bbox 387 3886 2653 3981; baseline -0.001 -26"><span class='ocrx_word' id='word_1_290' title='bbox 387 3890 724 3974; x_wconf 86' lang='lat' dir='ltr'><strong><em>euineitur‚</em></strong></span> <span class='ocrx_word' id='word_1_291' title='bbox 756 3889 1066 3981; x_wconf 41' lang='lat' dir='ltr'><strong><em>unde‘iam</em></strong></span> <span class='ocrx_word' id='word_1_292' title='bbox 1090 3889 1252 3953; x_wconf 89' lang='lat' dir='ltr'><strong><em>nihil</em></strong></span> <span class='ocrx_word' id='word_1_293' title='bbox 1277 3890 1448 3953; x_wconf 84' lang='lat' dir='ltr'><strong><em>aliud</em></strong></span> <span class='ocrx_word' id='word_1_294' title='bbox 1471 3888 1865 3971; x_wconf 80' lang='lat' dir='ltr'><strong><em>relinquitur,</em></strong></span> <span class='ocrx_word' id='word_1_295' title='bbox 1896 3906 2083 3969; x_wconf 88' lang='lat' dir='ltr'><strong><em>quam</em></strong></span> <span class='ocrx_word' id='word_1_296' title='bbox 2107 3891 2179 3953; x_wconf 89' lang='lat' dir='ltr'><strong><em>ut</em></strong></span> <span class='ocrx_word' id='word_1_297' title='bbox 2200 3886 2653 3969; x_wconf 74' lang='lat' dir='ltr'><strong><em>praeeleyerim</em></strong></span> 
     </span>
     <span class='ocr_line' id='line_1_35' title="bbox 392 3989 2649 4074; baseline -0.001 -16"><span class='ocrx_word' id='word_1_298' title='bbox 392 3992 759 4071; x_wconf 79' lang='lat' dir='ltr'><strong><em>scribamus,</em></strong></span> <span class='ocrx_word' id='word_1_299' title='bbox 790 3992 1073 4074; x_wconf 84' lang='lat' dir='ltr'><strong><em>inprimis</em></strong></span> <span class='ocrx_word' id='word_1_300' title='bbox 1103 4008 1246 4056; x_wconf 87' lang='lat' dir='ltr'><strong><em>cum</em></strong></span> <span class='ocrx_word' id='word_1_301' title='bbox 1270 3991 1625 4073; x_wconf 87' lang='lat' dir='ltr'><strong><em>perfectum</em></strong></span> <span class='ocrx_word' id='word_1_302' title='bbox 1654 3995 1903 4072; x_wconf 87' lang='lat' dir='ltr'><strong><em>tempus</em></strong></span> <span class='ocrx_word' id='word_1_303' title='bbox 1926 3992 2053 4056; x_wconf 84' lang='lat' dir='ltr'><strong><em>fere</em></strong></span> <span class='ocrx_word' id='word_1_304' title='bbox 2076 3989 2422 4056; x_wconf 82' lang='lat' dir='ltr'><strong><em>necessario</em></strong></span> <span class='ocrx_word' id='word_1_305' title='bbox 2444 3991 2649 4073; x_wconf 81' lang='lat' dir='ltr'><strong><em>requi·</em></strong></span> 
     </span>
     <span class='ocr_line' id='line_1_36' title="bbox 392 4092 2649 4176; baseline -0.002 -15"><span class='ocrx_word' id='word_1_306' title='bbox 392 4100 585 4161; x_wconf 84' lang='lat' dir='ltr'><strong><em>ratur.</em></strong></span> <span class='ocrx_word' id='word_1_307' title='bbox 623 4131 698 4143; x_wconf 93' lang='lat'><strong><em>--</em></strong></span> <span class='ocrx_word' id='word_1_308' title='bbox 736 4095 879 4173; x_wconf 89' lang='grc'>141,</span> <span class='ocrx_word' id='word_1_309' title='bbox 910 4094 951 4158; x_wconf 86' lang='grc'><strong>3</strong></span> <span class='ocrx_word' id='word_1_310' title='bbox 995 4093 1322 4175; x_wconf 78' lang='lat' dir='ltr'><strong><em>respondet</em></strong></span> <span class='ocrx_word' id='word_1_311' title='bbox 1364 4111 1474 4176; x_wconf 88' lang='lat' dir='ltr'><strong><em>pro</em></strong></span> <span class='ocrx_word' id='word_1_312' title='bbox 1519 4092 1847 4175; x_wconf 73' lang='lat' dir='ltr'><strong><em>respondit</em></strong></span> <span class='ocrx_word' id='word_1_313' title='bbox 1888 4092 2127 4175; x_wconf 81' lang='lat' dir='ltr'><strong><em>scripsi,</em></strong></span> <span class='ocrx_word' id='word_1_314' title='bbox 2174 4110 2317 4157; x_wconf 87' lang='lat' dir='ltr'><strong><em>cum</em></strong></span> <span class='ocrx_word' id='word_1_315' title='bbox 2361 4110 2649 4174; x_wconf 85' lang='lat' dir='ltr'><strong><em>praesens</em></strong></span> 
     </span>
     <span class='ocr_line' id='line_1_37' title="bbox 393 4194 2651 4279; baseline -0.001 -16"><span class='ocrx_word' id='word_1_316' title='bbox 393 4198 590 4277; x_wconf 68' lang='lat'>(140,</span> <span class='ocrx_word' id='word_1_317' title='bbox 622 4197 707 4261; x_wconf 84' lang='lat'><strong><em>24</em></strong></span> <span class='ocrx_word' id='word_1_318' title='bbox 749 4196 1098 4279; x_wconf 65' lang='lat' dir='ltr'><strong><em>subtunyit)</em></strong></span> <span class='ocrx_word' id='word_1_319' title='bbox 1147 4197 1480 4279; x_wconf 87' lang='lat' dir='ltr'><strong><em>praecedat</em></strong></span> <span class='ocrx_word' id='word_1_320' title='bbox 1524 4196 1586 4260; x_wconf 91' lang='lat' dir='ltr'><strong><em>et</em></strong></span> <span class='ocrx_word' id='word_1_321' title='bbox 1630 4212 1917 4276; x_wconf 85' lang='lat' dir='ltr'><strong><em>praesens</em></strong></span> <span class='ocrx_word' id='word_1_322' title='bbox 1959 4197 2204 4279; x_wconf 90' lang='lat' dir='ltr'><strong><em>tempus</em></strong></span> <span class='ocrx_word' id='word_1_323' title='bbox 2234 4194 2651 4277; x_wconf 86' lang='lat' dir='ltr'><strong><em>subsequatur</em></strong></span> 
     </span>
     <span class='ocr_line' id='line_1_38' title="bbox 396 4296 2653 4385; baseline -0.001 -20"><span class='ocrx_word' id='word_1_324' title='bbox 396 4301 572 4384; x_wconf 87' lang='lat'><strong><em>(141,</em></strong></span> <span class='ocrx_word' id='word_1_325' title='bbox 627 4299 667 4364; x_wconf 93' lang='grc'>6</span> <span class='ocrx_word' id='word_1_326' title='bbox 725 4299 916 4364; x_wconf 77' lang='lat' dir='ltr'><strong><em>iterat</em></strong></span> <span class='ocrx_word' id='word_1_327' title='bbox 974 4297 1396 4385; x_wconf 83' lang='lat' dir='ltr'><strong><em>responsum).</em></strong></span> <span class='ocrx_word' id='word_1_328' title='bbox 1441 4333 1527 4345; x_wconf 90' lang='lat'><strong><em>—-</em></strong></span> <span class='ocrx_word' id='word_1_329' title='bbox 1575 4297 1719 4379; x_wconf 84' lang='lat'><strong><em>149,</em></strong></span> <span class='ocrx_word' id='word_1_330' title='bbox 1779 4297 1820 4361; x_wconf 84' lang='lat'><strong>3</strong></span> <span class='ocrx_word' id='word_1_331' title='bbox 1880 4296 2156 4365; x_wconf 77' lang='lat' dir='ltr'><strong><em>dicemus</em></strong></span> <span class='ocrx_word' id='word_1_332' title='bbox 2208 4318 2319 4382; x_wconf 89' lang='lat' dir='ltr'><strong><em>pro</em></strong></span> <span class='ocrx_word' id='word_1_333' title='bbox 2380 4299 2653 4364; x_wconf 80' lang='lat' dir='ltr'><strong><em>dicimus</em></strong></span> 
     </span>
    </p>
   </div>
  </div>
 </body>
</html>
