3175 5050
1015 443 1106 496 De
1139 445 1333 497 statu
1368 442 1630 497 animae
1677 442 1738 499 11
1772 443 1821 497 3.
2432 442 2556 509 107

286 632 470 697 uinus
516 649 756 715 quoque
801 632 998 697 temet
1041 650 1244 697 sermo
1285 631 1706 697 commoueat:
1752 632 2120 715 oportere
2163 632 2386 715 prius
2430 634 2555 698 de·
2602 626 2607 636 ’

285 736 468 817 poni
540 736 850 801 trabem
937 736 1366 819 propriam,
1441 737 1528 800 ut
1602 735 1863 815 possit
1948 735 2300 801 alienam
2384 735 2555 820 quis

289 838 604 904 auferre
647 840 1076 905 festucam.
1151 839 1408 921 proinde
1453 838 1606 922 quia
1650 857 1773 903 non
1817 838 2075 905 lacessis
2120 838 2301 922 quasi
2332 840 2553 907 dubios

285 942 526 1024 praelii,
571 944 703 1009 sed·
725 942 1014 1025 percellis
1062 942 1305 1025 quietos
1349 960 1643 1007 mucrone
1686 940 1956 1007 conuicii
2009 942 2075 1007 et
2104 943 2349 1009 cunctis
2378 961 2553 1009 crea-

240 1049 465 1111 aturae
528 1046 816 1127 partibus
884 1063 1247 1111 mensuram
1313 1045 1556 1127 pondus
1628 1048 1691 1110 et
1760 1064 2095 1111 numerum
2160 1046 2365 1111 indita
2422 1065 2555 1113 esse

285 1147 516 1232 dixisti,
563 1149 856 1232 quoniam
900 1150 1054 1213 haec
1100 1149 1290 1213 simul
1334 1148 1625 1214 omnibus
1672 1150 1915 1215 constat
1950 1148 2155 1214 inesse
2186 1149 2552 1233 corporibus

284 1252 347 1315 et
391 1252 665 1317 animam
710 1272 927 1336 corpus
974 1271 1109 1318 esse
1160 1252 1459 1329 decerniS,
1519 1266 1679 1333 quae
1722 1250 1910 1318 huius
1956 1271 2249 1318 mensura
2292 1256 2397 1330 sit,
2444 1254 2553 1337 qui

283 1352 596 1440 numeruS,
665 1359 829 1439 quod
888 1356 1132 1437 pondus
1189 1356 1455 1439 inquiro.
1533 1355 1587 1419 si
1634 1357 1888 1421 modum
1934 1356 2261 1441 uegetanti
2304 1358 2550 1422 animae

282 1461 555 1524 uiuentis
613 1458 880 1542 corporis
948 1459 1169 1524 modus
1225 1458 1397 1535 facit,
1468 1459 1615 1540 quia
1672 1474 1892 1539 corpus
1960 1459 2299 1524 extrarium
2370 1460 2551 1542 quasi

214 1589 266 1629 ιο
283 1581 393 1627 uas
451 1563 704 1645 aliquod
758 1561 1035 1627 animam
1092 1562 1292 1627 ueluti
1349 1562 1562 1626 minus
1623 1561 1936 1643 quoddam
1982 1579 2203 1645 corpus
2260 1562 2547 1642 includit,

285 1682 431 1751 ergo
477 1666 744 1746 animae,
792 1667 863 1729 ut
910 1669 982 1729 tu
1027 1667 1139 1741 ais,
1185 1665 1504 1747 quantitas
1549 1684 1661 1748 pro
1706 1665 1982 1749 corporis
2015 1666 2373 1749 quantitate
2404 1686 2551 1732 cen-

282 1769 470 1833 senda
514 1772 624 1833 est.

367 1872 420 1938 Ο
465 1872 518 1936 si
565 1871 727 1936 mihi
774 1870 848 1935 de
893 1872 991 1936 his
1036 1866 1208 1951 loqui
1265 1873 1473 1936 tecum
1535 1872 1889 1937 comminus
1942 1872 2278 1956 palamque
2325 1892 2550 1959 proue-

281 1976 466 2053 niret,
512 1974 863 2040 liberaliter
906 1973 1208 2039 uidelicet
1261 1992 1535 2057 agerem,
1570 1976 1899 2043 ‚nonnulla
1942 1977 2063 2042 tibi
2108 1975 2184 2042 de
2228 1993 2366 2042 meo
2411 1978 2549 2042 iure

212 2104 265 2145 ιε»
282 2079 682 2144 concederem
756 2096 956 2161 neque
1021 2081 1303 2160 protinus
1347 2080 1424 2143 de
1468 2078 1721 2144 homine
1780 2097 2161 2163 quaererem,
2220 2084 2329 2147 sed
2372 2082 2546 2163 prius

282 2184 561 2265 precario
608 2200 951 2267 poscerem,
997 2184 1072 2248 ut
1106 2200 1316 2247 rerum
1349 2183 1584 2248 callens
1617 2183 1900 2249 euidenti
1931 2184 2199 2249 faterere
2232 2201 2549 2269 responso,

280 2286 575 2353 formicae
636 2290 699 2352 et
753 2286 976 2352 cameli
1033 2289 1273 2353 animas
1338 2290 1707 2351 utrumnam
1770 2287 2169 2369 prouidentia
2238 2306 2316 2353 an
2374 2289 2544 2354 mole

282 2390 606 2456 censeres?
665 2390 722 2454 si
777 2391 1194 2473 prouidentia,
1257 2390 1395 2455 luce
1445 2389 1749 2472 liquidius
1806 2392 1973 2455 esset
2028 2390 2275 2455 animae
2320 2391 2548 2456 cameli

279 2494 372 2559 sic
418 2496 689 2560 animam
734 2497 1044 2576 praestare
1091 2493 1408 2571 formicae,
1453 2496 1524 2557 ut
1572 2494 1853 2559 camelus
1898 2494 2077 2560 tanto
2114 2512 2308 2578 paene
2338 2493 2546 2561 minor

211 2599 573 2665 soformicae
619 2598 704 2662 sit
748 2598 977 2675 animo,
1037 2601 1269 2679 quanto
1318 2597 1517 2662 maior
1579 2598 1682 2662 est
1724 2614 2000 2682 corpore.
2078 2597 2135 2662 si
2180 2599 2377 2663 moles
2422 2597 2547 2664 tibi

275 2703 344 2768 in
388 2702 575 2767 istius
619 2702 790 2767 modi
819 2700 1256 2784 conparatione
1285 2699 1641 2784 placuisset,
1675 2703 1892 2767 eadem
1918 2720 2143 2783 nempe
2172 2701 2544 2785 replicarem

277 2809 341 2871 et
384 2805 581 2872 nihilo
626 2805 822 2870 setius
869 2823 1249 2888 quaererem,
1309 2806 1364 2869 si
1407 2805 1633 2870 modus
1677 2805 1925 2871 animae
1983 2806 2256 2889 corporis
2320 2809 2543 2872 modus

277 2913 389 2994 est,
453 2928 564 2976 cur
626 2909 798 2974 infra
854 2908 1124 2991 corporis
1190 2909 1446 2974 modum
1505 2909 1779 2975 camelus
1844 2909 2169 2975 brutescat
2229 2914 2294 2974 et
2358 2927 2547 2992 supra

277 3014 544 3099 corporis
611 3013 866 3078 modum
942 3013 1203 3077 formica
1266 3013 1534 3097 uigeat?
1601 3015 1901 3079 sisterent
1974 3014 2167 3079 uerba
2236 3013 2540 3091 fortassis

209 3136 474 3200 atquae
539 3120 715 3182 tuto
785 3115 940 3181 tibi
1001 3133 1284 3200 magna
1337 3116 1636 3182 nolant.
1713 3119 1837 3182 ista
1893 3107 2052 3183 haec
2110 3116 2246 3199 ipsa
2302 3116 2542 3202 duplici

279 3225 446 3286 sorte
490 3239 923 3304 proponerem,
969 3220 1175 3284 utrius
1222 3221 1444 3286 malles
1488 3221 1610 3286 tibi
1655 3221 1898 3302 copiam
1942 3221 2234 3287 facerem.
2309 3219 2363 3284 si
2407 3237 2541 3285 mo-

482 3409 515 3462 1
551 3409 617 3462 cf.
643 3407 841 3462 Matth.
880 3407 928 3473 7,
965 3407 1162 3478 3sqq.;
1215 3407 1344 3467 Luc.
1378 3408 1430 3474 6,
1464 3408 1600 3478 4sq.
1746 3405 1817 3462 25
1851 3406 2013 3476 Verg.
2050 3408 2183 3462 Aen.
2218 3405 2301 3462 XI
2335 3404 2436 3460 381

384 3578 411 3630 1
450 3583 781 3632 commoneat
815 3575 1212 3633 EPHLRSb
1416 3576 1452 3630 8
1497 3575 1773 3644 uegitanti
1818 3575 1876 3631 R
2081 3578 2146 3630 11
2194 3578 2313 3631 tute
2352 3577 2406 3633 G-

277 3665 341 3717 tu
377 3661 476 3732 ais]
515 3665 611 3716 tua
647 3663 734 3717 his
769 3663 824 3718 R
997 3662 1116 3716 ahis
1151 3661 1294 3716 BH¹
1479 3659 1546 3717 14
1580 3676 1738 3730 agere
1772 3661 2006 3719 ABDF
2180 3662 2333 3718 nulla
2362 3678 2405 3730 p

277 3749 347 3803 15
391 3748 543 3820 prius
591 3765 693 3804 om.
739 3749 786 3804 S
990 3751 1056 3804 16
1103 3749 1277 3803 fatere
1322 3748 1506 3814 BRS,
1565 3748 1736 3802 fatere
1771 3764 1886 3804 rem
1920 3749 2019 3816 M,
2079 3748 2307 3804 faterem
2344 3763 2456 3800 rem
2491 3747 2539 3811 b,

275 3836 476 3891 faterer
510 3852 623 3892 rem
649 3852 696 3906 p
884 3837 1156 3905 responsio
1191 3837 1247 3890 B
1441 3837 1508 3891 18
1541 3835 1613 3906 ει]
1651 3833 1747 3890 sed
1785 3835 1839 3892 G
2031 3834 2098 3889 19
2133 3833 2543 3888 iit—formicae

274 3939 376 3979 om.
413 3923 481 3978 0²
687 3923 756 3976 20
802 3924 961 3977 molis
1008 3923 1469 3978 ABGG¹H¹MR
1675 3921 1743 3975 21
1791 3921 2241 3988 comparationem
2284 3917 2405 3974 HR

275 4043 496 4098 eandem
530 4043 933 4109 ABDEOEM,
995 4016 1144 4097 {dem
1189 4043 1236 4098 s
1487 4042 1747 4112 replicare
1793 4041 2011 4096 ABcR
2266 4039 2335 4096 22
2382 4039 2543 4096 siuns

274 4130 418 4198 HR,
479 4130 642 4186 nicius
693 4131 791 4197 M,
851 4129 1022 4183 serius
1077 4129 1158 4196 E,
1216 4129 1362 4184 ocius
1411 4129 1466 4182 B
1674 4143 1927 4197 quaerere
1979 4125 2089 4180 AB
2296 4124 2366 4180 23
2410 4141 2544 4180 cunr

274 4214 329 4268 L
362 4217 586 4285 saepius
789 4212 1330 4268 camelus—modum
1383 4229 1487 4268 om.
1537 4213 1584 4269 0
1628 4268 1631 4269 ⁷
1806 4211 1877 4266 24
1927 4210 2181 4279 uigeatur
2222 4209 2287 4265 'R
2492 4207 2543 4264 si

275 4303 487 4357 starent
520 4302 700 4371 LPS,
761 4302 838 4356 sic
873 4302 1083 4356 starent
1117 4300 1262 4354 coni.
1299 4298 1418 4354 Βοὴ.
1630 4299 1701 4353 25
1736 4295 1973 4366 duplicia
2006 4298 2069 4366 p²
2284 4296 2355 4351 26
2390 4298 2539 4351 corto

276 4390 359 4463 4,
418 4388 558 4444 forte
587 4391 655 4458 ῥ’
857 4387 1032 4442 facere
1065 4385 1120 4440 Β
