<?xml version="1.0" encoding="UTF-8"?>
<!DOCTYPE html PUBLIC "-//W3C//DTD XHTML 1.0 Transitional//EN"
    "http://www.w3.org/TR/xhtml1/DTD/xhtml1-transitional.dtd">
<html xmlns="http://www.w3.org/1999/xhtml" xml:lang="en" lang="en">
 <head>
  <title>
</title>
<meta http-equiv="Content-Type" content="text/html;charset=utf-8" />
  <meta name='ocr-system' content='tesseract 3.04.00' />
  <meta name='ocr-capabilities' content='ocr_page ocr_carea ocr_par ocr_line ocrx_word'/>
</head>
<body>
  <div class='ocr_page' id='page_1' title='image "./corpusscriptoru28wiengoog_0087.png"; bbox 0 0 3175 5050; ppageno 0'>
   <div class='ocr_carea' id='block_1_1' title="bbox 1056 394 2572 462">
    <p class='ocr_par' dir='ltr' id='par_1_1' title="bbox 1056 394 2572 462">
     <span class='ocr_line' id='line_1_1' title="bbox 1056 394 2572 462; baseline 0 -9"><span class='ocrx_word' id='word_1_1' title='bbox 1056 397 1147 453; x_wconf 84' lang='lat' dir='ltr'>De</span> <span class='ocrx_word' id='word_1_2' title='bbox 1183 398 1373 453; x_wconf 79' lang='lat' dir='ltr'>statu</span> <span class='ocrx_word' id='word_1_3' title='bbox 1409 396 1671 453; x_wconf 76' lang='lat' dir='ltr'>animae</span> <span class='ocrx_word' id='word_1_4' title='bbox 1715 396 1747 453; x_wconf 88' lang='grc' dir='ltr'>Ι</span> <span class='ocrx_word' id='word_1_5' title='bbox 1780 396 1833 453; x_wconf 87' lang='grc'>3.</span> <span class='ocrx_word' id='word_1_6' title='bbox 2488 394 2572 462; x_wconf 74' lang='grc'>27</span> 
     </span>
    </p>
   </div>
   <div class='ocr_carea' id='block_1_2' title="bbox 239 585 2576 3151">
    <p class='ocr_par' dir='ltr' id='par_1_2' title="bbox 317 585 2575 982">
     <span class='ocr_line' id='line_1_2' title="bbox 317 585 2575 671; baseline 0 -17"><span class='ocrx_word' id='word_1_7' title='bbox 317 586 630 671; x_wconf 86' lang='lat' dir='ltr'>adficitur,</span> <span class='ocrx_word' id='word_1_8' title='bbox 689 586 745 652; x_wconf 89' lang='lat' dir='ltr'>si</span> <span class='ocrx_word' id='word_1_9' title='bbox 800 604 924 654; x_wconf 88' lang='lat' dir='ltr'>non</span> <span class='ocrx_word' id='word_1_10' title='bbox 976 585 1262 669; x_wconf 73' lang='lat' dir='ltr'>patitur?</span> <span class='ocrx_word' id='word_1_11' title='bbox 1314 605 1425 653; x_wconf 85' lang='lat' dir='ltr'>cur</span> <span class='ocrx_word' id='word_1_12' title='bbox 1466 586 1601 651; x_wconf 80' lang='lat' dir='ltr'>tam</span> <span class='ocrx_word' id='word_1_13' title='bbox 1648 586 1813 653; x_wconf 87' lang='lat' dir='ltr'>celer</span> <span class='ocrx_word' id='word_1_14' title='bbox 1854 587 1957 652; x_wconf 88' lang='lat' dir='ltr'>est</span> <span class='ocrx_word' id='word_1_15' title='bbox 1999 587 2301 655; x_wconf 82' lang='lat' dir='ltr'>memoria</span> <span class='ocrx_word' id='word_1_16' title='bbox 2340 589 2452 655; x_wconf 85' lang='lat' dir='ltr'>tua</span> <span class='ocrx_word' id='word_1_17' title='bbox 2494 589 2575 657; x_wconf 84' lang='lat' dir='ltr'>ad</span> 
     </span>
     <span class='ocr_line' id='line_1_3' title="bbox 317 688 2575 773; baseline 0 -16"><span class='ocrx_word' id='word_1_18' title='bbox 317 690 698 757; x_wconf 83' lang='lat' dir='ltr'>obliuionem</span> <span class='ocrx_word' id='word_1_19' title='bbox 755 706 970 757; x_wconf 89' lang='lat' dir='ltr'>eorum</span> <span class='ocrx_word' id='word_1_20' title='bbox 1027 688 1222 755; x_wconf 85' lang='lat' dir='ltr'>etiam</span> <span class='ocrx_word' id='word_1_21' title='bbox 1276 689 1414 771; x_wconf 85' lang='lat' dir='ltr'>ipse</span> <span class='ocrx_word' id='word_1_22' title='bbox 1469 708 1625 773; x_wconf 88' lang='lat' dir='ltr'>quae</span> <span class='ocrx_word' id='word_1_23' title='bbox 1682 688 2064 771; x_wconf 76' lang='lat' dir='ltr'><strong>protuleris?</strong></span> <span class='ocrx_word' id='word_1_24' title='bbox 2126 690 2442 757; x_wconf 83' lang='lat' dir='ltr'>iustitiam</span> <span class='ocrx_word' id='word_1_25' title='bbox 2509 694 2575 758; x_wconf 90' lang='lat' dir='ltr'>et</span> 
     </span>
     <span class='ocr_line' id='line_1_4' title="bbox 319 787 2573 876; baseline 0 -16"><span class='ocrx_word' id='word_1_26' title='bbox 319 787 836 873; x_wconf 75' lang='lat' dir='ltr'>misericordiam,</span> <span class='ocrx_word' id='word_1_27' title='bbox 881 793 1028 876; x_wconf 89' lang='lat' dir='ltr'>quia</span> <span class='ocrx_word' id='word_1_28' title='bbox 1069 792 1136 856; x_wconf 91' lang='lat' dir='ltr'>in</span> <span class='ocrx_word' id='word_1_29' title='bbox 1181 791 1432 857; x_wconf 88' lang='lat' dir='ltr'>homine</span> <span class='ocrx_word' id='word_1_30' title='bbox 1475 792 1861 858; x_wconf 74' lang='lat' dir='ltr'>accidentiae</span> <span class='ocrx_word' id='word_1_31' title='bbox 1906 792 2053 873; x_wconf 87' lang='lat' dir='ltr'>sint,</span> <span class='ocrx_word' id='word_1_32' title='bbox 2111 792 2397 859; x_wconf 85' lang='lat' dir='ltr'>adfectus</span> <span class='ocrx_word' id='word_1_33' title='bbox 2441 812 2573 861; x_wconf 88' lang='lat' dir='ltr'>esse</span> 
     </span>
     <span class='ocr_line' id='line_1_5' title="bbox 317 893 2573 982; baseline 0 -19"><span class='ocrx_word' id='word_1_34' title='bbox 317 896 550 963; x_wconf 75' lang='lat' dir='ltr'><strong>dixisti.</strong></span> <span class='ocrx_word' id='word_1_35' title='bbox 627 896 824 982; x_wconf 84' lang='lat' dir='ltr'>igitur</span> <span class='ocrx_word' id='word_1_36' title='bbox 881 898 936 961; x_wconf 90' lang='lat' dir='ltr'>si</span> <span class='ocrx_word' id='word_1_37' title='bbox 990 896 1057 960; x_wconf 93' lang='lat' dir='ltr'>in</span> <span class='ocrx_word' id='word_1_38' title='bbox 1117 895 1386 975; x_wconf 87' lang='lat' dir='ltr'>homine,</span> <span class='ocrx_word' id='word_1_39' title='bbox 1446 897 1593 979; x_wconf 84' lang='lat' dir='ltr'>quia</span> <span class='ocrx_word' id='word_1_40' title='bbox 1648 893 2030 961; x_wconf 78' lang='lat' dir='ltr'>accidentiae</span> <span class='ocrx_word' id='word_1_41' title='bbox 2076 899 2244 973; x_wconf 89' lang='lat' dir='ltr'>sunt,</span> <span class='ocrx_word' id='word_1_42' title='bbox 2289 896 2573 965; x_wconf 84' lang='lat' dir='ltr'>adfectus</span> 
     </span>
    </p>

    <p class='ocr_par' dir='ltr' id='par_1_3' title="bbox 271 998 2576 1497">
     <span class='ocr_line' id='line_1_6' title="bbox 271 998 2573 1082; baseline 0.001 -17"><span class='ocrx_word' id='word_1_43' title='bbox 271 1004 486 1077; x_wconf 67' lang='lat' dir='ltr'>senat,</span> <span class='ocrx_word' id='word_1_44' title='bbox 533 1000 611 1065; x_wconf 79' lang='lat' dir='ltr'>&#39;in</span> <span class='ocrx_word' id='word_1_45' title='bbox 675 1000 788 1065; x_wconf 90' lang='lat' dir='ltr'>deo</span> <span class='ocrx_word' id='word_1_46' title='bbox 847 998 994 1082; x_wconf 84' lang='lat' dir='ltr'>quia</span> <span class='ocrx_word' id='word_1_47' title='bbox 1059 999 1432 1065; x_wconf 80' lang='lat' dir='ltr'>accidentiae</span> <span class='ocrx_word' id='word_1_48' title='bbox 1488 1018 1611 1065; x_wconf 86' lang='lat' dir='ltr'>non</span> <span class='ocrx_word' id='word_1_49' title='bbox 1670 1000 1835 1077; x_wconf 88' lang='lat' dir='ltr'>sunt,</span> <span class='ocrx_word' id='word_1_50' title='bbox 1895 998 2174 1065; x_wconf 85' lang='lat' dir='ltr'>adfectus</span> <span class='ocrx_word' id='word_1_51' title='bbox 2216 1018 2341 1065; x_wconf 91' lang='lat' dir='ltr'>non</span> <span class='ocrx_word' id='word_1_52' title='bbox 2405 1003 2573 1067; x_wconf 89' lang='lat' dir='ltr'>sunt.</span> 
     </span>
     <span class='ocr_line' id='line_1_7' title="bbox 316 1102 2576 1186; baseline 0.002 -19"><span class='ocrx_word' id='word_1_53' title='bbox 316 1120 439 1167; x_wconf 90' lang='lat' dir='ltr'>non</span> <span class='ocrx_word' id='word_1_54' title='bbox 496 1120 643 1186; x_wconf 85' lang='lat' dir='ltr'>ergo</span> <span class='ocrx_word' id='word_1_55' title='bbox 703 1102 898 1169; x_wconf 87' lang='lat' dir='ltr'>sensit</span> <span class='ocrx_word' id='word_1_56' title='bbox 953 1102 1366 1185; x_wconf 86' lang='lat' dir='ltr'>conpatientis</span> <span class='ocrx_word' id='word_1_57' title='bbox 1413 1103 1681 1182; x_wconf 85' lang='lat' dir='ltr'>adfectu,</span> <span class='ocrx_word' id='word_1_58' title='bbox 1739 1103 1808 1166; x_wconf 87' lang='lat' dir='ltr'>in</span> <span class='ocrx_word' id='word_1_59' title='bbox 1856 1120 1975 1183; x_wconf 89' lang='lat' dir='ltr'>quo</span> <span class='ocrx_word' id='word_1_60' title='bbox 2022 1103 2167 1185; x_wconf 90' lang='lat' dir='ltr'>quia</span> <span class='ocrx_word' id='word_1_61' title='bbox 2224 1102 2576 1171; x_wconf 86' lang='lat' dir='ltr'>accidentia</span> 
     </span>
     <span class='ocr_line' id='line_1_8' title="bbox 313 1206 2575 1290; baseline 0 -18"><span class='ocrx_word' id='word_1_62' title='bbox 313 1224 440 1272; x_wconf 89' lang='lat' dir='ltr'>non</span> <span class='ocrx_word' id='word_1_63' title='bbox 483 1206 626 1286; x_wconf 88' lang='lat' dir='ltr'>fuit,</span> <span class='ocrx_word' id='word_1_64' title='bbox 673 1206 954 1272; x_wconf 85' lang='lat' dir='ltr'>adfectus</span> <span class='ocrx_word' id='word_1_65' title='bbox 985 1224 1118 1273; x_wconf 89' lang='lat' dir='ltr'>esse</span> <span class='ocrx_word' id='word_1_66' title='bbox 1165 1225 1288 1272; x_wconf 86' lang='lat' dir='ltr'>non</span> <span class='ocrx_word' id='word_1_67' title='bbox 1324 1206 1547 1290; x_wconf 88' lang='lat' dir='ltr'>potuit.</span> <span class='ocrx_word' id='word_1_68' title='bbox 1610 1206 1719 1271; x_wconf 90' lang='lat' dir='ltr'>sed</span> <span class='ocrx_word' id='word_1_69' title='bbox 1748 1206 1981 1271; x_wconf 85' lang='lat' dir='ltr'>adicis:</span> <span class='ocrx_word' id='word_1_70' title='bbox 2030 1223 2206 1287; x_wconf 90' lang='lat' dir='ltr'>ergo</span> <span class='ocrx_word' id='word_1_71' title='bbox 2252 1208 2449 1289; x_wconf 89' lang='lat' dir='ltr'>quod</span> <span class='ocrx_word' id='word_1_72' title='bbox 2493 1207 2575 1273; x_wconf 88' lang='lat' dir='ltr'>in</span> 
     </span>
     <span class='ocr_line' id='line_1_9' title="bbox 314 1309 2575 1395; baseline 0.001 -22"><span class='ocrx_word' id='word_1_73' title='bbox 314 1310 634 1376; x_wconf 87' lang='lat' dir='ltr'>homine</span> <span class='ocrx_word' id='word_1_74' title='bbox 689 1309 1058 1376; x_wconf 88' lang='lat' dir='ltr'>adfectus</span> <span class='ocrx_word' id='word_1_75' title='bbox 1123 1313 1198 1375; x_wconf 91' lang='lat' dir='ltr'>et</span> <span class='ocrx_word' id='word_1_76' title='bbox 1265 1309 1562 1395; x_wconf 83' lang='lat' dir='ltr'>gratia,</span> <span class='ocrx_word' id='word_1_77' title='bbox 1632 1309 1711 1375; x_wconf 90' lang='lat' dir='ltr'>in</span> <span class='ocrx_word' id='word_1_78' title='bbox 1778 1310 1915 1375; x_wconf 88' lang='lat' dir='ltr'>deo</span> <span class='ocrx_word' id='word_1_79' title='bbox 1983 1309 2248 1377; x_wconf 88' lang='lat' dir='ltr'>uirtus</span> <span class='ocrx_word' id='word_1_80' title='bbox 2313 1314 2435 1376; x_wconf 90' lang='lat' dir='ltr'>est</span> <span class='ocrx_word' id='word_1_81' title='bbox 2495 1315 2575 1376; x_wconf 90' lang='lat' dir='ltr'>et</span> 
     </span>
     <span class='ocr_line' id='line_1_10' title="bbox 314 1412 2571 1497; baseline 0.001 -20"><span class='ocrx_word' id='word_1_82' title='bbox 314 1416 624 1481; x_wconf 87' lang='lat' dir='ltr'>natura.</span> <span class='ocrx_word' id='word_1_83' title='bbox 699 1417 766 1479; x_wconf 85' lang='lat' dir='ltr'>at</span> <span class='ocrx_word' id='word_1_84' title='bbox 811 1432 969 1497; x_wconf 83' lang='lat' dir='ltr'>quae</span> <span class='ocrx_word' id='word_1_85' title='bbox 1013 1415 1080 1478; x_wconf 90' lang='lat' dir='ltr'>in</span> <span class='ocrx_word' id='word_1_86' title='bbox 1121 1413 1235 1480; x_wconf 89' lang='lat' dir='ltr'>deo</span> <span class='ocrx_word' id='word_1_87' title='bbox 1277 1412 1484 1479; x_wconf 87' lang='lat' dir='ltr'>uirtus</span> <span class='ocrx_word' id='word_1_88' title='bbox 1529 1416 1641 1493; x_wconf 85' lang='lat' dir='ltr'>est,</span> <span class='ocrx_word' id='word_1_89' title='bbox 1689 1432 1831 1478; x_wconf 90' lang='lat' dir='ltr'>cum</span> <span class='ocrx_word' id='word_1_90' title='bbox 1878 1412 2030 1479; x_wconf 86' lang='lat' dir='ltr'>data</span> <span class='ocrx_word' id='word_1_91' title='bbox 2072 1412 2270 1479; x_wconf 84' lang='lat' dir='ltr'>fuerit</span> <span class='ocrx_word' id='word_1_92' title='bbox 2312 1414 2571 1494; x_wconf 89' lang='lat' dir='ltr'>homini,</span> 
     </span>
    </p>

    <p class='ocr_par' dir='ltr' id='par_1_4' title="bbox 245 1515 2575 2013">
     <span class='ocr_line' id='line_1_11' title="bbox 245 1515 2572 1601; baseline -0 -18"><span class='ocrx_word' id='word_1_93' title='bbox 245 1544 299 1584; x_wconf 84' lang='grc' dir='ltr'>ιο</span> <span class='ocrx_word' id='word_1_94' title='bbox 317 1534 441 1582; x_wconf 88' lang='lat' dir='ltr'>non</span> <span class='ocrx_word' id='word_1_95' title='bbox 497 1522 593 1583; x_wconf 90' lang='lat' dir='ltr'>est</span> <span class='ocrx_word' id='word_1_96' title='bbox 649 1517 897 1583; x_wconf 77' lang='lat' dir='ltr'>uirtus?</span> <span class='ocrx_word' id='word_1_97' title='bbox 957 1517 1110 1582; x_wconf 87' lang='lat' dir='ltr'>deus</span> <span class='ocrx_word' id='word_1_98' title='bbox 1170 1516 1337 1582; x_wconf 88' lang='lat' dir='ltr'>enim</span> <span class='ocrx_word' id='word_1_99' title='bbox 1386 1516 1602 1599; x_wconf 91' lang='lat' dir='ltr'>procul</span> <span class='ocrx_word' id='word_1_100' title='bbox 1657 1515 1845 1581; x_wconf 89' lang='lat' dir='ltr'>dubio</span> <span class='ocrx_word' id='word_1_101' title='bbox 1904 1516 2108 1581; x_wconf 86' lang='lat' dir='ltr'>uirtus</span> <span class='ocrx_word' id='word_1_102' title='bbox 2164 1521 2279 1601; x_wconf 88' lang='lat' dir='ltr'>est,</span> <span class='ocrx_word' id='word_1_103' title='bbox 2350 1519 2459 1601; x_wconf 88' lang='lat' dir='ltr'>qui</span> <span class='ocrx_word' id='word_1_104' title='bbox 2516 1519 2572 1583; x_wconf 91' lang='lat' dir='ltr'>si</span> 
     </span>
     <span class='ocr_line' id='line_1_12' title="bbox 316 1617 2571 1698; baseline 0 -13"><span class='ocrx_word' id='word_1_105' title='bbox 316 1619 717 1686; x_wconf 87' lang='lat' dir='ltr'>inmutabilis</span> <span class='ocrx_word' id='word_1_106' title='bbox 763 1624 877 1695; x_wconf 88' lang='lat' dir='ltr'>est,</span> <span class='ocrx_word' id='word_1_107' title='bbox 923 1620 1113 1685; x_wconf 86' lang='lat' dir='ltr'>etiam</span> <span class='ocrx_word' id='word_1_108' title='bbox 1157 1637 1300 1684; x_wconf 92' lang='lat' dir='ltr'>cum</span> <span class='ocrx_word' id='word_1_109' title='bbox 1330 1638 1395 1684; x_wconf 88' lang='lat' dir='ltr'>se</span> <span class='ocrx_word' id='word_1_110' title='bbox 1425 1617 1669 1683; x_wconf 90' lang='lat' dir='ltr'>homini</span> <span class='ocrx_word' id='word_1_111' title='bbox 1697 1618 1959 1698; x_wconf 77' lang='lat' dir='ltr'>dederit,</span> <span class='ocrx_word' id='word_1_112' title='bbox 1989 1618 2193 1685; x_wconf 89' lang='lat' dir='ltr'>uirtus</span> <span class='ocrx_word' id='word_1_113' title='bbox 2223 1620 2289 1685; x_wconf 89' lang='lat' dir='ltr'>in</span> <span class='ocrx_word' id='word_1_114' title='bbox 2320 1620 2571 1686; x_wconf 89' lang='lat' dir='ltr'>homine</span> 
     </span>
     <span class='ocr_line' id='line_1_13' title="bbox 318 1715 2575 1808; baseline 0.001 -21"><span class='ocrx_word' id='word_1_115' title='bbox 318 1727 435 1789; x_wconf 90' lang='lat' dir='ltr'>est.</span> <span class='ocrx_word' id='word_1_116' title='bbox 511 1742 657 1808; x_wconf 88' lang='lat' dir='ltr'>ergo</span> <span class='ocrx_word' id='word_1_117' title='bbox 717 1724 880 1807; x_wconf 89' lang='lat' dir='ltr'>quod</span> <span class='ocrx_word' id='word_1_118' title='bbox 923 1724 990 1790; x_wconf 88' lang='lat' dir='ltr'>in</span> <span class='ocrx_word' id='word_1_119' title='bbox 1046 1724 1159 1789; x_wconf 90' lang='lat' dir='ltr'>deo</span> <span class='ocrx_word' id='word_1_120' title='bbox 1217 1723 1422 1789; x_wconf 89' lang='lat' dir='ltr'>uirtus</span> <span class='ocrx_word' id='word_1_121' title='bbox 1479 1727 1597 1807; x_wconf 88' lang='lat' dir='ltr'>est,</span> <span class='ocrx_word' id='word_1_122' title='bbox 1657 1715 1719 1787; x_wconf 82' lang='lat' dir='ltr'>et</span> <span class='ocrx_word' id='word_1_123' title='bbox 1775 1724 1844 1788; x_wconf 90' lang='lat' dir='ltr'>in</span> <span class='ocrx_word' id='word_1_124' title='bbox 1899 1723 2154 1789; x_wconf 90' lang='lat' dir='ltr'>homine</span> <span class='ocrx_word' id='word_1_125' title='bbox 2218 1723 2422 1791; x_wconf 85' lang='lat' dir='ltr'>uirtus</span> <span class='ocrx_word' id='word_1_126' title='bbox 2478 1725 2575 1790; x_wconf 88' lang='lat' dir='ltr'>est</span> 
     </span>
     <span class='ocr_line' id='line_1_14' title="bbox 318 1824 2572 1912; baseline 0.002 -23"><span class='ocrx_word' id='word_1_127' title='bbox 318 1826 433 1891; x_wconf 88' lang='lat' dir='ltr'>hoc</span> <span class='ocrx_word' id='word_1_128' title='bbox 474 1829 726 1892; x_wconf 85' lang='lat' dir='ltr'>tantum</span> <span class='ocrx_word' id='word_1_129' title='bbox 772 1827 1087 1903; x_wconf 87' lang='lat' dir='ltr'>differens,</span> <span class='ocrx_word' id='word_1_130' title='bbox 1134 1825 1298 1909; x_wconf 89' lang='lat' dir='ltr'>quod</span> <span class='ocrx_word' id='word_1_131' title='bbox 1341 1824 1477 1891; x_wconf 94' lang='lat' dir='ltr'>illic</span> <span class='ocrx_word' id='word_1_132' title='bbox 1518 1826 2044 1912; x_wconf 72' lang='lat' dir='ltr'>substantialiter,</span> <span class='ocrx_word' id='word_1_133' title='bbox 2089 1826 2197 1893; x_wconf 89' lang='lat' dir='ltr'>hic</span> <span class='ocrx_word' id='word_1_134' title='bbox 2240 1828 2572 1893; x_wconf 88' lang='lat' dir='ltr'>accessibi-</span> 
     </span>
     <span class='ocr_line' id='line_1_15' title="bbox 316 1929 2571 2013; baseline 0.002 -20"><span class='ocrx_word' id='word_1_135' title='bbox 316 1929 483 1994; x_wconf 86' lang='lat' dir='ltr'>liter.</span> <span class='ocrx_word' id='word_1_136' title='bbox 551 1929 717 1994; x_wconf 90' lang='lat' dir='ltr'>unde</span> <span class='ocrx_word' id='word_1_137' title='bbox 761 1930 1047 1995; x_wconf 88' lang='lat' dir='ltr'>dominus</span> <span class='ocrx_word' id='word_1_138' title='bbox 1091 1931 1171 1996; x_wconf 84' lang='lat' dir='ltr'>ad</span> <span class='ocrx_word' id='word_1_139' title='bbox 1216 1930 1564 2013; x_wconf 73' lang='lat' dir='ltr'>apostolosz</span> <span class='ocrx_word' id='word_1_140' title='bbox 1623 1929 1927 2010; x_wconf 87' lang='lat' dir='ltr'>sedete,</span> <span class='ocrx_word' id='word_1_141' title='bbox 1977 1929 2203 2013; x_wconf 89' lang='lat' dir='ltr'>inquit,</span> <span class='ocrx_word' id='word_1_142' title='bbox 2250 1930 2332 1995; x_wconf 91' lang='lat' dir='ltr'>in</span> <span class='ocrx_word' id='word_1_143' title='bbox 2378 1932 2571 1998; x_wconf 89' lang='lat' dir='ltr'>ciui-</span> 
     </span>
    </p>

    <p class='ocr_par' dir='ltr' id='par_1_5' title="bbox 245 2033 2574 2527">
     <span class='ocr_line' id='line_1_16' title="bbox 245 2033 2574 2117; baseline 0 -16"><span class='ocrx_word' id='word_1_144' title='bbox 245 2035 525 2112; x_wconf 83' lang='lat' dir='ltr'>15tate‚</span> <span class='ocrx_word' id='word_1_145' title='bbox 597 2034 852 2115; x_wconf 82' lang='lat' dir='ltr'>quoad</span> <span class='ocrx_word' id='word_1_146' title='bbox 927 2051 1165 2117; x_wconf 88' lang='lat' dir='ltr'>usque</span> <span class='ocrx_word' id='word_1_147' title='bbox 1232 2033 1681 2099; x_wconf 87' lang='lat' dir='ltr'>induamini</span> <span class='ocrx_word' id='word_1_148' title='bbox 1736 2033 2048 2099; x_wconf 90' lang='lat' dir='ltr'>uirtute</span> <span class='ocrx_word' id='word_1_149' title='bbox 2105 2053 2191 2098; x_wconf 87' lang='lat' dir='ltr'>ex</span> <span class='ocrx_word' id='word_1_150' title='bbox 2247 2036 2452 2115; x_wconf 88' lang='lat' dir='ltr'>alto,</span> <span class='ocrx_word' id='word_1_151' title='bbox 2510 2038 2574 2102; x_wconf 87' lang='lat' dir='ltr'>et</span> 
     </span>
     <span class='ocr_line' id='line_1_17' title="bbox 313 2134 2571 2221; baseline 0.003 -23"><span class='ocrx_word' id='word_1_152' title='bbox 313 2134 646 2217; x_wconf 86' lang='lat' dir='ltr'>propheta:</span> <span class='ocrx_word' id='word_1_153' title='bbox 714 2137 1049 2219; x_wconf 85' lang='lat' dir='ltr'>diligam</span> <span class='ocrx_word' id='word_1_154' title='bbox 1112 2140 1222 2221; x_wconf 87' lang='lat' dir='ltr'>te,</span> <span class='ocrx_word' id='word_1_155' title='bbox 1292 2137 1635 2214; x_wconf 85' lang='lat' dir='ltr'>domine,</span> <span class='ocrx_word' id='word_1_156' title='bbox 1704 2137 1967 2207; x_wconf 89' lang='lat' dir='ltr'>uirtus</span> <span class='ocrx_word' id='word_1_157' title='bbox 2029 2155 2212 2203; x_wconf 86' lang='lat' dir='ltr'>mea.</span> <span class='ocrx_word' id='word_1_158' title='bbox 2286 2141 2357 2204; x_wconf 92' lang='lat' dir='ltr'>tu</span> <span class='ocrx_word' id='word_1_159' title='bbox 2423 2158 2571 2205; x_wconf 89' lang='lat' dir='ltr'>uero</span> 
     </span>
     <span class='ocr_line' id='line_1_18' title="bbox 316 2238 2569 2310; baseline 0.003 -9"><span class='ocrx_word' id='word_1_160' title='bbox 316 2238 505 2310; x_wconf 87' lang='lat' dir='ltr'>deum</span> <span class='ocrx_word' id='word_1_161' title='bbox 557 2238 624 2302; x_wconf 90' lang='lat' dir='ltr'>in</span> <span class='ocrx_word' id='word_1_162' title='bbox 669 2258 735 2303; x_wconf 89' lang='lat' dir='ltr'>se</span> <span class='ocrx_word' id='word_1_163' title='bbox 781 2239 1084 2304; x_wconf 86' lang='lat' dir='ltr'>uirtutem</span> <span class='ocrx_word' id='word_1_164' title='bbox 1135 2258 1268 2304; x_wconf 88' lang='lat' dir='ltr'>esse</span> <span class='ocrx_word' id='word_1_165' title='bbox 1313 2243 1376 2304; x_wconf 89' lang='lat' dir='ltr'>et</span> <span class='ocrx_word' id='word_1_166' title='bbox 1431 2239 1494 2305; x_wconf 93' lang='lat' dir='ltr'>in</span> <span class='ocrx_word' id='word_1_167' title='bbox 1552 2238 1806 2305; x_wconf 88' lang='lat' dir='ltr'>homine</span> <span class='ocrx_word' id='word_1_168' title='bbox 1863 2239 2017 2305; x_wconf 89' lang='lat' dir='ltr'>dicis</span> <span class='ocrx_word' id='word_1_169' title='bbox 2064 2257 2188 2305; x_wconf 89' lang='lat' dir='ltr'>non</span> <span class='ocrx_word' id='word_1_170' title='bbox 2232 2260 2385 2307; x_wconf 91' lang='lat' dir='ltr'>esse.</span> <span class='ocrx_word' id='word_1_171' title='bbox 2461 2244 2569 2309; x_wconf 87' lang='lat' dir='ltr'>sed</span> 
     </span>
     <span class='ocr_line' id='line_1_19' title="bbox 319 2340 2572 2425; baseline 0.003 -22"><span class='ocrx_word' id='word_1_172' title='bbox 319 2340 465 2407; x_wconf 89' lang='lat' dir='ltr'>talis</span> <span class='ocrx_word' id='word_1_173' title='bbox 511 2342 856 2408; x_wconf 85' lang='lat' dir='ltr'>sententiae</span> <span class='ocrx_word' id='word_1_174' title='bbox 901 2360 1088 2408; x_wconf 87' lang='lat' dir='ltr'>causa</span> <span class='ocrx_word' id='word_1_175' title='bbox 1131 2343 1271 2407; x_wconf 90' lang='lat' dir='ltr'>luce</span> <span class='ocrx_word' id='word_1_176' title='bbox 1331 2341 1630 2425; x_wconf 88' lang='lat' dir='ltr'>liquidior</span> <span class='ocrx_word' id='word_1_177' title='bbox 1674 2342 1797 2406; x_wconf 86' lang='lat' dir='ltr'>est:</span> <span class='ocrx_word' id='word_1_178' title='bbox 1865 2342 2150 2425; x_wconf 90' lang='lat' dir='ltr'>sequitur</span> <span class='ocrx_word' id='word_1_179' title='bbox 2193 2344 2451 2424; x_wconf 86' lang='lat' dir='ltr'>scilicet,</span> <span class='ocrx_word' id='word_1_180' title='bbox 2498 2349 2572 2411; x_wconf 91' lang='lat' dir='ltr'>ut</span> 
     </span>
     <span class='ocr_line' id='line_1_20' title="bbox 315 2442 1726 2527; baseline 0.001 -19"><span class='ocrx_word' id='word_1_181' title='bbox 315 2462 500 2527; x_wconf 91' lang='lat' dir='ltr'>quem</span> <span class='ocrx_word' id='word_1_182' title='bbox 548 2442 707 2509; x_wconf 88' lang='lat' dir='ltr'>dicis</span> <span class='ocrx_word' id='word_1_183' title='bbox 753 2444 954 2524; x_wconf 86' lang='lat' dir='ltr'>adfici,</span> <span class='ocrx_word' id='word_1_184' title='bbox 1001 2443 1288 2509; x_wconf 83' lang='lat' dir='ltr'>adstruas</span> <span class='ocrx_word' id='word_1_185' title='bbox 1333 2443 1726 2510; x_wconf 88' lang='lat' dir='ltr'>commutari.</span> 
     </span>
    </p>

    <p class='ocr_par' dir='ltr' id='par_1_6' title="bbox 243 2547 2572 3047">
     <span class='ocr_line' id='line_1_21' title="bbox 243 2547 2570 2632; baseline 0.001 -18"><span class='ocrx_word' id='word_1_186' title='bbox 243 2575 333 2622; x_wconf 70' lang='grc' dir='ltr'>,ο-</span> <span class='ocrx_word' id='word_1_187' title='bbox 402 2549 496 2614; x_wconf 88' lang='lat' dir='ltr'>Ac</span> <span class='ocrx_word' id='word_1_188' title='bbox 538 2548 695 2613; x_wconf 88' lang='lat' dir='ltr'>mihi</span> <span class='ocrx_word' id='word_1_189' title='bbox 738 2550 1013 2630; x_wconf 89' lang='lat' dir='ltr'>primum</span> <span class='ocrx_word' id='word_1_190' title='bbox 1055 2549 1401 2632; x_wconf 85' lang='lat' dir='ltr'>proprietas</span> <span class='ocrx_word' id='word_1_191' title='bbox 1448 2547 1634 2614; x_wconf 89' lang='lat' dir='ltr'>huius</span> <span class='ocrx_word' id='word_1_192' title='bbox 1681 2549 1953 2614; x_wconf 86' lang='lat' dir='ltr'>nominis</span> <span class='ocrx_word' id='word_1_193' title='bbox 1999 2550 2268 2615; x_wconf 83' lang='lat' dir='ltr'>maxime</span> <span class='ocrx_word' id='word_1_194' title='bbox 2310 2551 2570 2617; x_wconf 89' lang='lat' dir='ltr'>discuti-</span> 
     </span>
     <span class='ocr_line' id='line_1_22' title="bbox 315 2651 2567 2735; baseline 0.001 -19"><span class='ocrx_word' id='word_1_195' title='bbox 315 2652 476 2716; x_wconf 88' lang='lat' dir='ltr'>enda</span> <span class='ocrx_word' id='word_1_196' title='bbox 519 2655 631 2716; x_wconf 87' lang='lat' dir='ltr'>est.</span> <span class='ocrx_word' id='word_1_197' title='bbox 707 2652 988 2717; x_wconf 82' lang='lat' dir='ltr'>adfectus</span> <span class='ocrx_word' id='word_1_198' title='bbox 1032 2671 1255 2734; x_wconf 90' lang='lat' dir='ltr'>nempe</span> <span class='ocrx_word' id='word_1_199' title='bbox 1287 2652 1365 2717; x_wconf 86' lang='lat' dir='ltr'>ab</span> <span class='ocrx_word' id='word_1_200' title='bbox 1409 2669 1480 2717; x_wconf 91' lang='lat' dir='ltr'>eo</span> <span class='ocrx_word' id='word_1_201' title='bbox 1525 2651 1759 2717; x_wconf 87' lang='lat' dir='ltr'>dicitur</span> <span class='ocrx_word' id='word_1_202' title='bbox 1803 2653 1967 2735; x_wconf 90' lang='lat' dir='ltr'>quod</span> <span class='ocrx_word' id='word_1_203' title='bbox 2012 2653 2248 2735; x_wconf 87' lang='lat' dir='ltr'>aliquid</span> <span class='ocrx_word' id='word_1_204' title='bbox 2292 2653 2567 2733; x_wconf 86' lang='lat' dir='ltr'>adficiat,</span> 
     </span>
     <span class='ocr_line' id='line_1_23' title="bbox 314 2754 2570 2838; baseline 0.001 -17"><span class='ocrx_word' id='word_1_205' title='bbox 314 2754 623 2838; x_wconf 88' lang='lat' dir='ltr'>quidquid</span> <span class='ocrx_word' id='word_1_206' title='bbox 688 2757 899 2819; x_wconf 85' lang='lat' dir='ltr'>autem</span> <span class='ocrx_word' id='word_1_207' title='bbox 961 2755 1270 2832; x_wconf 83' lang='lat' dir='ltr'>adficitur,</span> <span class='ocrx_word' id='word_1_208' title='bbox 1339 2754 1598 2838; x_wconf 86' lang='lat' dir='ltr'>patitur.</span> <span class='ocrx_word' id='word_1_209' title='bbox 1677 2754 1811 2836; x_wconf 88' lang='lat' dir='ltr'>pati</span> <span class='ocrx_word' id='word_1_210' title='bbox 1877 2775 2023 2822; x_wconf 90' lang='lat' dir='ltr'>uero</span> <span class='ocrx_word' id='word_1_211' title='bbox 2091 2775 2215 2822; x_wconf 90' lang='lat' dir='ltr'>non</span> <span class='ocrx_word' id='word_1_212' title='bbox 2283 2759 2381 2823; x_wconf 89' lang='lat' dir='ltr'>est</span> <span class='ocrx_word' id='word_1_213' title='bbox 2446 2757 2570 2824; x_wconf 90' lang='lat' dir='ltr'>nisi</span> 
     </span>
     <span class='ocr_line' id='line_1_24' title="bbox 311 2859 2572 2946; baseline 0 -20"><span class='ocrx_word' id='word_1_214' title='bbox 311 2859 630 2944; x_wconf 87' lang='lat' dir='ltr'>passibilis</span> <span class='ocrx_word' id='word_1_215' title='bbox 693 2864 1050 2946; x_wconf 86' lang='lat' dir='ltr'>creataeque</span> <span class='ocrx_word' id='word_1_216' title='bbox 1123 2860 1510 2928; x_wconf 87' lang='lat' dir='ltr'>substantiae</span> <span class='ocrx_word' id='word_1_217' title='bbox 1527 2909 1543 2938; x_wconf 89' lang='lat'><em>‚</em></span> <span class='ocrx_word' id='word_1_218' title='bbox 1618 2879 1775 2943; x_wconf 86' lang='lat' dir='ltr'>quae</span> <span class='ocrx_word' id='word_1_219' title='bbox 1850 2860 2142 2944; x_wconf 88' lang='lat' dir='ltr'>quoniam</span> <span class='ocrx_word' id='word_1_220' title='bbox 2217 2879 2254 2925; x_wconf 89' lang='lat' dir='ltr'>a</span> <span class='ocrx_word' id='word_1_221' title='bbox 2325 2878 2572 2927; x_wconf 88' lang='lat' dir='ltr'>summa</span> 
     </span>
     <span class='ocr_line' id='line_1_25' title="bbox 315 2963 2572 3047; baseline 0 -19"><span class='ocrx_word' id='word_1_222' title='bbox 315 2964 612 3041; x_wconf 87' lang='lat' dir='ltr'>essentia,</span> <span class='ocrx_word' id='word_1_223' title='bbox 658 2982 817 3047; x_wconf 90' lang='lat' dir='ltr'>quae</span> <span class='ocrx_word' id='word_1_224' title='bbox 852 2966 1004 3030; x_wconf 89' lang='lat' dir='ltr'>deus</span> <span class='ocrx_word' id='word_1_225' title='bbox 1037 2967 1153 3042; x_wconf 87' lang='lat' dir='ltr'>est,</span> <span class='ocrx_word' id='word_1_226' title='bbox 1198 2967 1273 3030; x_wconf 90' lang='lat' dir='ltr'>ut</span> <span class='ocrx_word' id='word_1_227' title='bbox 1316 2966 1657 3044; x_wconf 85' lang='lat' dir='ltr'>exsisteret,</span> <span class='ocrx_word' id='word_1_228' title='bbox 1693 2969 1917 3030; x_wconf 85' lang='lat' dir='ltr'>uocata</span> <span class='ocrx_word' id='word_1_229' title='bbox 1946 2965 2021 3029; x_wconf 91' lang='lat' dir='ltr'>de</span> <span class='ocrx_word' id='word_1_230' title='bbox 2052 2963 2250 3029; x_wconf 89' lang='lat' dir='ltr'>nihilo</span> <span class='ocrx_word' id='word_1_231' title='bbox 2283 2969 2381 3030; x_wconf 88' lang='lat' dir='ltr'>est</span> <span class='ocrx_word' id='word_1_232' title='bbox 2409 2965 2572 3030; x_wconf 90' lang='lat' dir='ltr'>inter</span> 
     </span>
    </p>

    <p class='ocr_par' dir='ltr' id='par_1_7' title="bbox 239 3066 2572 3151">
     <span class='ocr_line' id='line_1_26' title="bbox 239 3066 2572 3151; baseline -0.002 -15"><span class='ocrx_word' id='word_1_233' title='bbox 239 3066 494 3149; x_wconf 62' lang='lat' dir='ltr'>stillim,</span> <span class='ocrx_word' id='word_1_234' title='bbox 540 3066 614 3132; x_wconf 90' lang='lat' dir='ltr'>de</span> <span class='ocrx_word' id='word_1_235' title='bbox 660 3085 781 3149; x_wconf 89' lang='lat' dir='ltr'>quo</span> <span class='ocrx_word' id='word_1_236' title='bbox 819 3068 1004 3146; x_wconf 83' lang='lat' dir='ltr'>facta,</span> <span class='ocrx_word' id='word_1_237' title='bbox 1052 3072 1114 3133; x_wconf 89' lang='lat' dir='ltr'>et</span> <span class='ocrx_word' id='word_1_238' title='bbox 1144 3067 1325 3147; x_wconf 90' lang='lat' dir='ltr'>illud,</span> <span class='ocrx_word' id='word_1_239' title='bbox 1372 3087 1408 3134; x_wconf 91' lang='lat' dir='ltr'>a</span> <span class='ocrx_word' id='word_1_240' title='bbox 1441 3085 1561 3151; x_wconf 93' lang='lat' dir='ltr'>quo</span> <span class='ocrx_word' id='word_1_241' title='bbox 1590 3068 1756 3135; x_wconf 87' lang='lat' dir='ltr'>facta</span> <span class='ocrx_word' id='word_1_242' title='bbox 1786 3070 1902 3146; x_wconf 87' lang='lat' dir='ltr'>est,</span> <span class='ocrx_word' id='word_1_243' title='bbox 1934 3068 2175 3132; x_wconf 87' lang='lat' dir='ltr'>media:</span> <span class='ocrx_word' id='word_1_244' title='bbox 2208 3067 2300 3131; x_wconf 88' lang='lat' dir='ltr'>ita</span> <span class='ocrx_word' id='word_1_245' title='bbox 2328 3067 2572 3149; x_wconf 88' lang='lat' dir='ltr'>superi-</span> 
     </span>
    </p>
   </div>
   <div class='ocr_carea' id='block_1_3' title="bbox 523 3268 2370 3339">
    <p class='ocr_par' dir='ltr' id='par_1_8' title="bbox 523 3268 2370 3339">
     <span class='ocr_line' id='line_1_27' title="bbox 523 3268 2370 3339; baseline -0.001 -15"><span class='ocrx_word' id='word_1_246' title='bbox 523 3271 554 3324; x_wconf 80' lang='grc' dir='ltr'>’ἶ</span> <span class='ocrx_word' id='word_1_247' title='bbox 589 3269 658 3325; x_wconf 88' lang='lat' dir='ltr'>cf.</span> <span class='ocrx_word' id='word_1_248' title='bbox 697 3285 816 3339; x_wconf 81' lang='lat' dir='ltr'>pag.</span> <span class='ocrx_word' id='word_1_249' title='bbox 855 3271 905 3336; x_wconf 87' lang='lat'>6,</span> <span class='ocrx_word' id='word_1_250' title='bbox 943 3270 1010 3324; x_wconf 85' lang='lat'>18</span> <span class='ocrx_word' id='word_1_251' title='bbox 1216 3271 1283 3324; x_wconf 80' lang='lat'>14</span> <span class='ocrx_word' id='word_1_252' title='bbox 1316 3268 1446 3325; x_wconf 89' lang='lat' dir='ltr'>Luc.</span> <span class='ocrx_word' id='word_1_253' title='bbox 1479 3269 1565 3336; x_wconf 79' lang='lat'>24,</span> <span class='ocrx_word' id='word_1_254' title='bbox 1601 3269 1671 3325; x_wconf 82' lang='lat'>49</span> <span class='ocrx_word' id='word_1_255' title='bbox 1879 3269 1945 3324; x_wconf 89' lang='grc'>16</span> <span class='ocrx_word' id='word_1_256' title='bbox 1979 3269 2177 3324; x_wconf 86' lang='lat' dir='ltr'>Psalm.</span> <span class='ocrx_word' id='word_1_257' title='bbox 2218 3269 2298 3335; x_wconf 82' lang='lat'>17,</span> <span class='ocrx_word' id='word_1_258' title='bbox 2334 3269 2370 3323; x_wconf 84' lang='lat'><strong>2</strong></span> 
     </span>
    </p>
   </div>
   <div class='ocr_carea' id='block_1_4' title="bbox 311 3454 2578 4230">
    <p class='ocr_par' dir='ltr' id='par_1_9' title="bbox 311 3454 2578 4230">
     <span class='ocr_line' id='line_1_28' title="bbox 419 3454 2441 3526; baseline 0 -14"><span class='ocrx_word' id='word_1_259' title='bbox 419 3459 448 3512; x_wconf 97' lang='lat'>1</span> <span class='ocrx_word' id='word_1_260' title='bbox 485 3459 663 3512; x_wconf 73' lang='lat' dir='ltr'>tumen</span> <span class='ocrx_word' id='word_1_261' title='bbox 699 3456 1007 3513; x_wconf 80' lang='lat' dir='ltr'><strong><em>ABOH¹R</em></strong></span> <span class='ocrx_word' id='word_1_262' title='bbox 1193 3457 1229 3509; x_wconf 82' lang='lat'><strong>2</strong></span> <span class='ocrx_word' id='word_1_263' title='bbox 1264 3469 1398 3526; x_wconf 82' lang='lat' dir='ltr'>quae</span> <span class='ocrx_word' id='word_1_264' title='bbox 1431 3455 1545 3524; x_wconf 83' lang='lat' dir='ltr'>ipse</span> <span class='ocrx_word' id='word_1_265' title='bbox 1581 3455 1794 3511; x_wconf 75' lang='lat' dir='ltr'><strong><em>GGMb</em></strong></span> <span class='ocrx_word' id='word_1_266' title='bbox 1820 3454 1942 3512; x_wconf 80' lang='lat' dir='ltr'>Sch.</span> <span class='ocrx_word' id='word_1_267' title='bbox 2132 3455 2355 3510; x_wconf 88' lang='lat' dir='ltr'>iustiam</span> <span class='ocrx_word' id='word_1_268' title='bbox 2392 3456 2441 3512; x_wconf 79' lang='lat' dir='ltr'><strong><em>S</em></strong></span> 
     </span>
     <span class='ocr_line' id='line_1_29' title="bbox 311 3541 2575 3612; baseline -0 -12"><span class='ocrx_word' id='word_1_269' title='bbox 311 3547 348 3600; x_wconf 89' lang='lat'><strong>3</strong></span> <span class='ocrx_word' id='word_1_270' title='bbox 393 3545 611 3599; x_wconf 89' lang='lat' dir='ltr'>nomine</span> <span class='ocrx_word' id='word_1_271' title='bbox 660 3541 736 3600; x_wconf 76' lang='lat' dir='ltr'>G²</span> <span class='ocrx_word' id='word_1_272' title='bbox 941 3542 1415 3597; x_wconf 82' lang='lat' dir='ltr'>accidentiae—in</span> <span class='ocrx_word' id='word_1_273' title='bbox 1461 3542 1558 3597; x_wconf 86' lang='lat' dir='ltr'>deo</span> <span class='ocrx_word' id='word_1_274' title='bbox 1605 3543 1735 3612; x_wconf 84' lang='lat' dir='ltr'>quia</span> <span class='ocrx_word' id='word_1_275' title='bbox 1781 3558 1881 3597; x_wconf 87' lang='lat' dir='ltr'>om.</span> <span class='ocrx_word' id='word_1_276' title='bbox 1926 3544 2038 3611; x_wconf 81' lang='lat' dir='ltr'>M¹‚</span> <span class='ocrx_word' id='word_1_277' title='bbox 2098 3542 2425 3598; x_wconf 82' lang='lat' dir='ltr'>accidentiae</span> <span class='ocrx_word' id='word_1_278' title='bbox 2469 3559 2575 3599; x_wconf 86' lang='lat' dir='ltr'>om.</span> 
     </span>
     <span class='ocr_line' id='line_1_30' title="bbox 313 3627 2578 3700; baseline -0.001 -16"><span class='ocrx_word' id='word_1_279' title='bbox 313 3632 346 3684; x_wconf 82' lang='lat' dir='ltr'><strong><em>b</em></strong></span> <span class='ocrx_word' id='word_1_280' title='bbox 535 3634 665 3684; x_wconf 85' lang='lat' dir='ltr'>sunt</span> <span class='ocrx_word' id='word_1_281' title='bbox 699 3629 731 3684; x_wconf 78' lang='lat' dir='ltr'><strong><em>b</em></strong></span> <span class='ocrx_word' id='word_1_282' title='bbox 919 3629 955 3683; x_wconf 80' lang='lat'>4</span> <span class='ocrx_word' id='word_1_283' title='bbox 988 3628 1178 3700; x_wconf 82' lang='lat' dir='ltr'>igitur]</span> <span class='ocrx_word' id='word_1_284' title='bbox 1213 3644 1340 3699; x_wconf 82' lang='lat' dir='ltr'>ergo</span> <span class='ocrx_word' id='word_1_285' title='bbox 1375 3627 1450 3682; x_wconf 84' lang='lat' dir='ltr'><strong><em>M</em></strong></span> <span class='ocrx_word' id='word_1_286' title='bbox 1455 3630 1486 3683; x_wconf 83' lang='lat' dir='ltr'><strong><em>b</em></strong></span> <span class='ocrx_word' id='word_1_287' title='bbox 1499 3669 1514 3696; x_wconf 93' lang='lat'>‚</span> <span class='ocrx_word' id='word_1_288' title='bbox 1573 3629 1805 3688; x_wconf 76' lang='lat' dir='ltr'>fortasse</span> <span class='ocrx_word' id='word_1_289' title='bbox 1840 3643 1964 3697; x_wconf 87' lang='lat' dir='ltr'>ergo</span> <span class='ocrx_word' id='word_1_290' title='bbox 2002 3628 2175 3697; x_wconf 80' lang='lat' dir='ltr'>igitur</span> <span class='ocrx_word' id='word_1_291' title='bbox 2208 3629 2578 3695; x_wconf 74' lang='lat' dir='ltr'>scribe-ndum,</span> 
     </span>
     <span class='ocr_line' id='line_1_31' title="bbox 313 3703 2435 3786; baseline -0.002 -14"><span class='ocrx_word' id='word_1_292' title='bbox 313 3716 388 3783; x_wconf 79' lang='lat' dir='ltr'>cf.</span> <span class='ocrx_word' id='word_1_293' title='bbox 423 3717 520 3773; x_wconf 78' lang='lat' dir='ltr'>lib.</span> <span class='ocrx_word' id='word_1_294' title='bbox 553 3717 622 3772; x_wconf 87' lang='grc' dir='ltr'><em>Π</em></span> <span class='ocrx_word' id='word_1_295' title='bbox 651 3731 772 3786; x_wconf 75' lang='lat' dir='ltr'>cap.</span> <span class='ocrx_word' id='word_1_296' title='bbox 807 3715 953 3772; x_wconf 90' lang='lat' dir='ltr'><strong><em>IIII</em></strong></span> <span class='ocrx_word' id='word_1_297' title='bbox 1150 3714 1429 3784; x_wconf 78' lang='lat' dir='ltr'>quia-in</span> <span class='ocrx_word' id='word_1_298' title='bbox 1463 3713 1558 3768; x_wconf 89' lang='lat' dir='ltr'>deo</span> <span class='ocrx_word' id='word_1_299' title='bbox 1596 3729 1697 3768; x_wconf 87' lang='lat' dir='ltr'>om.</span> <span class='ocrx_word' id='word_1_300' title='bbox 1736 3716 1791 3767; x_wconf 78' lang='lat' dir='ltr'><strong><em>A</em></strong></span> <span class='ocrx_word' id='word_1_301' title='bbox 1940 3703 1943 3706; x_wconf 39' lang='lat'><strong>⁴</strong></span> <span class='ocrx_word' id='word_1_302' title='bbox 1994 3715 2028 3768; x_wconf 85' lang='lat'>5</span> <span class='ocrx_word' id='word_1_303' title='bbox 2075 3714 2223 3785; x_wconf 84' lang='lat' dir='ltr'>quia]</span> <span class='ocrx_word' id='word_1_304' title='bbox 2272 3715 2359 3769; x_wconf 91' lang='lat' dir='ltr'>cui</span> <span class='ocrx_word' id='word_1_305' title='bbox 2403 3715 2435 3767; x_wconf 86' lang='lat' dir='ltr'><strong><em>b</em></strong></span> 
     </span>
     <span class='ocr_line' id='line_1_32' title="bbox 313 3800 2574 3870; baseline -0 -14"><span class='ocrx_word' id='word_1_306' title='bbox 313 3803 348 3856; x_wconf 88' lang='grc'><strong>6</strong></span> <span class='ocrx_word' id='word_1_307' title='bbox 381 3803 708 3857; x_wconf 79' lang='lat' dir='ltr'>accidentiae</span> <span class='ocrx_word' id='word_1_308' title='bbox 741 3802 798 3856; x_wconf 90' lang='lat' dir='ltr'><em>B</em></span> <span class='ocrx_word' id='word_1_309' title='bbox 989 3802 1020 3857; x_wconf 81' lang='lat'><strong>7</strong></span> <span class='ocrx_word' id='word_1_310' title='bbox 1055 3801 1184 3870; x_wconf 89' lang='lat' dir='ltr'>fuit]</span> <span class='ocrx_word' id='word_1_311' title='bbox 1219 3802 1348 3855; x_wconf 82' lang='lat' dir='ltr'>sunt</span> <span class='ocrx_word' id='word_1_312' title='bbox 1382 3801 1414 3855; x_wconf 83' lang='lat' dir='ltr'><strong><em>b</em></strong></span> <span class='ocrx_word' id='word_1_313' title='bbox 1598 3800 1825 3868; x_wconf 83' lang='lat' dir='ltr'>possunt</span> <span class='ocrx_word' id='word_1_314' title='bbox 1858 3800 1890 3854; x_wconf 85' lang='lat' dir='ltr'><strong><em>b</em></strong></span> <span class='ocrx_word' id='word_1_315' title='bbox 2078 3801 2112 3854; x_wconf 88' lang='grc'><strong>9</strong></span> <span class='ocrx_word' id='word_1_316' title='bbox 2147 3803 2207 3854; x_wconf 84' lang='lat' dir='ltr'>at</span> <span class='ocrx_word' id='word_1_317' title='bbox 2239 3801 2456 3869; x_wconf 74' lang='lat' dir='ltr'>scripsi,</span> <span class='ocrx_word' id='word_1_318' title='bbox 2516 3805 2574 3855; x_wconf 87' lang='lat' dir='ltr'>et</span> 
     </span>
     <span class='ocr_line' id='line_1_33' title="bbox 312 3886 2572 3957; baseline -0 -14"><span class='ocrx_word' id='word_1_319' title='bbox 312 3887 446 3943; x_wconf 73' lang='lat' dir='ltr'>libri</span> <span class='ocrx_word' id='word_1_320' title='bbox 626 3888 694 3942; x_wconf 92' lang='grc'>10</span> <span class='ocrx_word' id='word_1_321' title='bbox 727 3893 852 3956; x_wconf 75' lang='lat' dir='ltr'>post</span> <span class='ocrx_word' id='word_1_322' title='bbox 885 3888 1064 3943; x_wconf 85' lang='lat' dir='ltr'>uirtus</span> <span class='ocrx_word' id='word_1_323' title='bbox 1098 3887 1549 3957; x_wconf 72' lang='lat' dir='ltr'>interroyationis</span> <span class='ocrx_word' id='word_1_324' title='bbox 1581 3887 1799 3956; x_wconf 71' lang='lat' dir='ltr'>siqnum</span> <span class='ocrx_word' id='word_1_325' title='bbox 1825 3887 1994 3955; x_wconf 76' lang='lat' dir='ltr'>posui</span> <span class='ocrx_word' id='word_1_326' title='bbox 2179 3886 2237 3940; x_wconf 90' lang='lat'>11</span> <span class='ocrx_word' id='word_1_327' title='bbox 2275 3887 2572 3942; x_wconf 87' lang='lat' dir='ltr'>incommu-</span> 
     </span>
     <span class='ocr_line' id='line_1_34' title="bbox 311 3970 2575 4042; baseline 0 -16"><span class='ocrx_word' id='word_1_328' title='bbox 311 3973 505 4027; x_wconf 82' lang='lat' dir='ltr'>tabilis</span> <span class='ocrx_word' id='word_1_329' title='bbox 549 3972 604 4027; x_wconf 86' lang='lat' dir='ltr'><strong><em>L</em></strong></span> <span class='ocrx_word' id='word_1_330' title='bbox 813 3974 876 4027; x_wconf 83' lang='lat'>12</span> <span class='ocrx_word' id='word_1_331' title='bbox 921 3973 1050 4042; x_wconf 91' lang='lat' dir='ltr'>quid</span> <span class='ocrx_word' id='word_1_332' title='bbox 1096 3973 1153 4028; x_wconf 82' lang='lat' dir='ltr'><strong><em>R</em></strong></span> <span class='ocrx_word' id='word_1_333' title='bbox 1359 3974 1424 4027; x_wconf 86' lang='lat'>15</span> <span class='ocrx_word' id='word_1_334' title='bbox 1470 3975 1733 4026; x_wconf 88' lang='lat' dir='ltr'>uirtutem</span> <span class='ocrx_word' id='word_1_335' title='bbox 1782 3970 2023 4027; x_wconf 70' lang='lat' dir='ltr'><em>GHRS¹</em></span> <span class='ocrx_word' id='word_1_336' title='bbox 2230 3973 2294 4027; x_wconf 77' lang='lat'>17</span> <span class='ocrx_word' id='word_1_337' title='bbox 2340 3973 2415 4042; x_wconf 86' lang='lat' dir='ltr'>se]</span> <span class='ocrx_word' id='word_1_338' title='bbox 2464 3975 2575 4028; x_wconf 88' lang='lat' dir='ltr'>uir-</span> 
     </span>
     <span class='ocr_line' id='line_1_35' title="bbox 313 4058 2573 4127; baseline 0 -14"><span class='ocrx_word' id='word_1_339' title='bbox 313 4060 488 4113; x_wconf 86' lang='lat' dir='ltr'>tutem</span> <span class='ocrx_word' id='word_1_340' title='bbox 524 4058 654 4117; x_wconf 81' lang='lat' dir='ltr'>add.</span> <span class='ocrx_word' id='word_1_341' title='bbox 691 4059 787 4123; x_wconf 78' lang='lat' dir='ltr'>M,</span> <span class='ocrx_word' id='word_1_342' title='bbox 841 4075 944 4114; x_wconf 87' lang='lat' dir='ltr'>om.</span> <span class='ocrx_word' id='word_1_343' title='bbox 979 4059 1115 4124; x_wconf 70' lang='lat' dir='ltr'>rell„</span> <span class='ocrx_word' id='word_1_344' title='bbox 1159 4059 1419 4114; x_wconf 56' lang='lat' dir='ltr'>inserunt</span> <span class='ocrx_word' id='word_1_345' title='bbox 1453 4064 1640 4114; x_wconf 77' lang='lat' dir='ltr'>autem</span> <span class='ocrx_word' id='word_1_346' title='bbox 1665 4063 1797 4127; x_wconf 77' lang='lat' dir='ltr'>post</span> <span class='ocrx_word' id='word_1_347' title='bbox 1830 4073 1935 4113; x_wconf 88' lang='lat' dir='ltr'>non</span> <span class='ocrx_word' id='word_1_348' title='bbox 1970 4073 2083 4112; x_wconf 77' lang='lat' dir='ltr'>esse</span> <span class='ocrx_word' id='word_1_349' title='bbox 2258 4059 2323 4113; x_wconf 88' lang='lat'>18</span> <span class='ocrx_word' id='word_1_350' title='bbox 2357 4075 2573 4114; x_wconf 84' lang='lat' dir='ltr'>causam</span> 
     </span>
     <span class='ocr_line' id='line_1_36' title="bbox 312 4143 2570 4230; baseline -0.001 -28"><span class='ocrx_word' id='word_1_351' title='bbox 312 4146 370 4202; x_wconf 83' lang='lat' dir='ltr'><em>R</em></span> <span class='ocrx_word' id='word_1_352' title='bbox 577 4146 645 4214; x_wconf 74' lang='lat'>20</span> <span class='ocrx_word' id='word_1_353' title='bbox 679 4145 814 4199; x_wconf 89' lang='lat' dir='ltr'>mihi</span> <span class='ocrx_word' id='word_1_354' title='bbox 849 4161 950 4200; x_wconf 89' lang='lat' dir='ltr'>om.</span> <span class='ocrx_word' id='word_1_355' title='bbox 978 4162 1023 4215; x_wconf 80' lang='lat' dir='ltr'>p</span> <span class='ocrx_word' id='word_1_356' title='bbox 1229 4145 1298 4200; x_wconf 87' lang='lat'>23</span> <span class='ocrx_word' id='word_1_357' title='bbox 1334 4148 1709 4230; x_wconf 64' lang='lat' dir='ltr'>creaturaeque</span> <span class='ocrx_word' id='word_1_358' title='bbox 1755 4144 1802 4199; x_wconf 77' lang='lat' dir='ltr'><em>S</em></span> <span class='ocrx_word' id='word_1_359' title='bbox 1999 4143 2270 4215; x_wconf 84' lang='lat' dir='ltr'>quoniam]</span> <span class='ocrx_word' id='word_1_360' title='bbox 2308 4161 2465 4214; x_wconf 88' lang='lat' dir='ltr'>quem</span> <span class='ocrx_word' id='word_1_361' title='bbox 2502 4147 2570 4200; x_wconf 87' lang='lat' dir='ltr'>ad</span> 
     </span>
    </p>
   </div>
   <div class='ocr_carea' id='block_1_5' title="bbox 316 4247 2574 4405">
    <p class='ocr_par' dir='ltr' id='par_1_10' title="bbox 316 4247 2574 4405">
     <span class='ocr_line' id='line_1_37' title="bbox 316 4247 2574 4319; baseline 0.001 -17"><span class='ocrx_word' id='word_1_362' title='bbox 316 4248 532 4304; x_wconf 90' lang='lat' dir='ltr'>modum</span> <span class='ocrx_word' id='word_1_363' title='bbox 570 4248 824 4304; x_wconf 72' lang='lat' dir='ltr'>Schottus</span> <span class='ocrx_word' id='word_1_364' title='bbox 1029 4249 1098 4303; x_wconf 84' lang='lat'>24</span> <span class='ocrx_word' id='word_1_365' title='bbox 1145 4250 1288 4303; x_wconf 89' lang='lat' dir='ltr'>inter</span> <span class='ocrx_word' id='word_1_366' title='bbox 1323 4248 1750 4317; x_wconf 82' lang='lat' dir='ltr'>illud—media]</span> <span class='ocrx_word' id='word_1_367' title='bbox 1788 4249 1931 4302; x_wconf 87' lang='lat' dir='ltr'>inter</span> <span class='ocrx_word' id='word_1_368' title='bbox 1966 4247 2066 4302; x_wconf 87' lang='lat' dir='ltr'>hoc</span> <span class='ocrx_word' id='word_1_369' title='bbox 2100 4251 2159 4302; x_wconf 90' lang='lat' dir='ltr'>et</span> <span class='ocrx_word' id='word_1_370' title='bbox 2193 4247 2331 4302; x_wconf 89' lang='lat' dir='ltr'>illud</span> <span class='ocrx_word' id='word_1_371' title='bbox 2368 4250 2431 4303; x_wconf 89' lang='lat' dir='ltr'>de</span> <span class='ocrx_word' id='word_1_372' title='bbox 2467 4266 2574 4319; x_wconf 87' lang='lat' dir='ltr'>quo</span> 
     </span>
     <span class='ocr_line' id='line_1_38' title="bbox 316 4334 2318 4405; baseline 0.001 -18"><span class='ocrx_word' id='word_1_373' title='bbox 316 4335 462 4389; x_wconf 84' lang='lat' dir='ltr'>facta</span> <span class='ocrx_word' id='word_1_374' title='bbox 498 4339 582 4389; x_wconf 85' lang='lat' dir='ltr'>est</span> <span class='ocrx_word' id='word_1_375' title='bbox 616 4335 796 4389; x_wconf 87' lang='lat' dir='ltr'>media</span> <span class='ocrx_word' id='word_1_376' title='bbox 835 4335 888 4391; x_wconf 71' lang='lat' dir='ltr'><strong><em>G</em></strong></span> <span class='ocrx_word' id='word_1_377' title='bbox 1093 4335 1160 4390; x_wconf 87' lang='lat'>25</span> <span class='ocrx_word' id='word_1_378' title='bbox 1195 4335 1264 4390; x_wconf 86' lang='lat' dir='ltr'>ad</span> <span class='ocrx_word' id='word_1_379' title='bbox 1300 4335 1438 4405; x_wconf 90' lang='lat' dir='ltr'>quod</span> <span class='ocrx_word' id='word_1_380' title='bbox 1467 4339 1538 4404; x_wconf 76' lang='lat'>1³²</span> <span class='ocrx_word' id='word_1_381' title='bbox 1744 4351 1775 4387; x_wconf 81' lang='lat' dir='ltr'>a</span> <span class='ocrx_word' id='word_1_382' title='bbox 1810 4335 1932 4404; x_wconf 88' lang='lat' dir='ltr'>quo]</span> <span class='ocrx_word' id='word_1_383' title='bbox 1970 4334 2115 4388; x_wconf 85' lang='lat' dir='ltr'>facta</span> <span class='ocrx_word' id='word_1_384' title='bbox 2149 4349 2249 4389; x_wconf 87' lang='lat' dir='ltr'>om.</span> <span class='ocrx_word' id='word_1_385' title='bbox 2286 4335 2318 4389; x_wconf 84' lang='lat' dir='ltr'><strong><em>b</em></strong></span> 
     </span>
    </p>
   </div>
  </div>
 </body>
</html>
