3175 5050
1017 434 1108 487 De
1147 436 1338 488 statu
1377 435 1639 490 animae
1674 436 1704 491 1
1740 435 1823 491 25.
2160 384 2171 402 Χ
2432 420 2435 429 Ι
2467 440 2551 505 89
2615 435 2621 441 ⁸

288 624 566 690 oculos
673 623 980 689 similes
1086 624 1509 705 fabrorum,
1614 626 2033 709 ingenium
2135 618 2553 696 dissimile

289 726 828 811 Pythagorae.
903 726 1010 791 sod
1054 744 1176 792 non
1219 728 1446 793 idcirco
1511 730 1887 795 tardioribus
1934 730 2384 813 desperandum
2435 715 2549 812 est,

292 830 474 895 modo
518 832 592 895 ut
635 830 995 896 auctoritati
1043 830 1334 897 cedamus
1381 833 1488 914 qui
1533 832 1839 897 rationem
1887 833 2047 898 forte
2092 852 2215 899 non
2246 834 2548 918 capimus
2624 825 2628 831 ’

377 950 546 1015 Haec
609 966 756 1031 ergo
824 952 898 1015 de
955 968 1077 1033 qua
1145 950 1316 1031 loqui
1360 950 1762 1017 institueram
1805 952 2129 1035 longitudo
2174 972 2319 1017 cum
2364 954 2556 1020 fuerit

243 1055 521 1135 spuncto
566 1053 860 1119 inchoata
903 1057 1256 1135 punctoque
1298 1054 1497 1133 finita,
1545 1074 1582 1121 a
1614 1053 1867 1121 Graecis
1909 1056 2197 1143 γραμμή,
2247 1075 2284 1122 a
2314 1059 2549 1123 nostris

293 1156 456 1220 linea
501 1155 755 1221 dicitur.
828 1158 958 1220 iam
1013 1175 1178 1221 nunc
1221 1157 1277 1221 si
1323 1159 1471 1239 quid
1527 1158 1612 1222 sit
1663 1158 1989 1242 longitudo
2034 1160 2171 1223 sine
2216 1161 2555 1233 latitudine

295 1276 664 1341 cognoscere
707 1259 971 1325 ualuisti
1019 1262 1085 1325 et
1113 1262 1348 1325 lineam
1392 1261 1788 1345 longitudine
1830 1263 2009 1327 finita
2037 1263 2345 1339 formasti,
2400 1264 2553 1329 duas

289 1363 580 1445 aequales
636 1362 832 1428 lineas
889 1362 1147 1428 sibimet
1203 1355 1595 1441 ἀντιστάτας
1640 1385 1672 1429 6
1718 1366 1970 1449 regione
2014 1367 2339 1443 constitue,
2388 1367 2553 1449 quod

292 1486 434 1531 cum
502 1466 740 1545 feceriS,
799 1467 1096 1550 intellege
1141 1467 1205 1531 te
1249 1466 1517 1549 figuram
1573 1468 1811 1533 duabus
1868 1468 2047 1533 lineis
2104 1469 2359 1551 paribus
2430 1487 2554 1534 non

159 1621 163 1625 .
223 1601 276 1641 10
291 1569 530 1635 fecisse.
605 1569 805 1653 figura
863 1568 1034 1634 enim
1090 1568 1340 1649 dicitur,
1402 1588 1547 1635 cum
1607 1571 1862 1651 paribus
1917 1571 2322 1654 inparibusue
2365 1572 2549 1636 lineis

287 1672 602 1755 capitibus
633 1691 767 1737 sese
801 1672 1308 1757 contingentibus
1339 1673 1512 1737 locus
1559 1673 1857 1738 ambitur.
1932 1674 2175 1739 duabus
2210 1693 2351 1757 ergo
2382 1676 2552 1757 pari-

293 1775 408 1839 bus
451 1774 632 1840 lineis
678 1775 814 1840 siue
858 1776 1128 1839 auersim
1160 1776 1382 1858 positis
1414 1775 1548 1841 siue
1579 1777 1779 1858 capite
1812 1777 2320 1861 contingentibus
2349 1776 2553 1857 figura

293 1896 414 1943 non
459 1879 790 1962 clauditur,
865 1878 1071 1944 tribus
1116 1897 1262 1943 uero
1308 1878 1671 1959 aequalibus
1717 1879 1899 1945 lineis
1945 1880 2147 1962 figura
2176 1880 2251 1945 fit
2282 1880 2551 1963 trigona,

293 1983 357 2045 et
411 1981 526 2046 hoc
591 1986 843 2047 aeterna
895 1982 1081 2064 atque
1137 1981 1611 2047 indemutabilis
1672 1982 1833 2047 ratio
1888 1986 1982 2047 est
2026 1982 2197 2048 omni
2240 1984 2553 2047 humanae

224 2116 276 2157 25
292 2085 489 2149 menti
535 2086 640 2149 uel
683 2104 805 2150 non
849 2084 1200 2150 admonitae
1258 2084 1502 2149 clarens
1559 2083 1818 2167 liquido.
1894 2086 2201 2169 numquid
2246 2104 2390 2168 ergo
2434 2087 2554 2149 tri-

293 2187 408 2251 bus
453 2186 637 2251 lineis
682 2187 938 2271 paribus
985 2206 1144 2269 quae
1189 2191 1388 2253 semet
1450 2192 1673 2254 mutuo
1732 2189 2039 2271 capitibus
2102 2191 2373 2273 tangunt
2416 2188 2553 2253 fieri

293 2309 592 2372 umquam
636 2290 757 2355 nisi
800 2291 1046 2374 trigona
1089 2292 1372 2373 poterit?
1417 2294 1526 2356 aut
1553 2292 1724 2357 istud
1758 2292 1960 2375 magis
1988 2310 2156 2357 nunc
2185 2310 2403 2357 uerum
2436 2294 2555 2375 est,

294 2414 482 2476 quam
527 2395 670 2473 fuit,
717 2398 829 2460 aut
875 2414 1004 2460 esse
1049 2395 1166 2460 hoc
1207 2415 1428 2460 uerum
1463 2395 1797 2477 aliquando
1830 2396 2032 2478 coepit
2084 2397 2193 2459 aut
2224 2395 2553 2477 aliquando
2608 2470 2620 2479 χ

294 2498 555 2577 desinet,
601 2502 710 2563 aut
755 2516 877 2563 non
926 2500 1023 2563 est
1064 2497 1311 2563 facilius
1344 2515 1705 2580 corporeum
1750 2497 2005 2563 interire
2050 2502 2373 2576 mundum,
2422 2498 2554 2563 cui-

219 2636 277 2677 ·20
297 2622 370 2668 us
413 2605 631 2686 utique
689 2602 972 2668 tumidae
1029 2604 1376 2684 localesque
1425 2603 1662 2668 formae
1716 2603 1983 2668 istarum
2042 2601 2408 2667 inlocalium
2452 2601 2551 2667 in-

295 2705 832 2789 corporaliumque
875 2709 1022 2771 sunt
1067 2708 1275 2789 imago
1328 2705 1689 2783 formarum,
1738 2724 1925 2787 quam
1970 2709 2043 2769 ut
2086 2705 2322 2787 aliquid
2352 2724 2425 2770 ex
2454 2705 2553 2768 his

295 2809 400 2872 uel
444 2808 679 2873 uariari
723 2809 928 2892 specie
979 2809 1082 2874 uel
1125 2810 1536 2874 transmoueri
1579 2811 1715 2874 loco
1760 2809 1865 2874 uel
1928 2807 2097 2873 senio
2172 2811 2555 2874 ueterescere

295 2913 400 2976 uel
444 2929 686 2994 quoquo
732 2915 914 2994 pacto
956 2912 1189 2976 mutari
1236 2913 1466 2992 queat‘?
1531 2929 1611 2977 ne
1657 2929 1801 2994 ergo
1844 2929 1953 2993 per
1997 2929 2211 2976 omnes
2254 2917 2317 2974 te
2365 2910 2556 2975 disci·

406 3201 432 3253 1
489 3199 768 3270 dissimile]
824 3199 1004 3254 simile
1057 3200 1378 3264 ABE¹FP,
1436 3215 1545 3254 non
1598 3201 1775 3254 simile
1824 3201 1883 3254 D
2090 3201 2124 3252 2
2176 3199 2557 3268 disperandum

297 3293 356 3349 R
545 3294 578 3346 3
601 3296 665 3347 ut
687 3295 906 3362 scripsi,
964 3295 1048 3347 uel
1073 3295 1202 3348 libri
1227 3299 1280 3348 et
1304 3293 1538 3348 editores
1722 3293 2041 3347 auctoritate
2066 3293 2419 3349 ΑΒΗΙΞΕΘι

297 3391 332 3444 5
369 3406 556 3458 grama
591 3391 688 3457 M,
748 3405 990 3459 gramma
1025 3389 1148 3444 rell.
1353 3389 1386 3442 6
1420 3387 1581 3442 lineis
1616 3387 1673 3441 A
1868 3388 2179 3458 latitudine]
2218 3388 2559 3457 longitudine

309 3483 570 3539 Galland.
780 3485 812 3538 7
858 3483 1083 3539 uoluisti
1117 3483 1174 3538 R
1377 3483 1591 3536 finitam
1628 3483 1739 3537 Mb
1778 3483 2030 3538 Schottus
2062 3483 2128 3536 in
2161 3488 2345 3549 textu,
2404 3483 2561 3538 finita

298 3578 446 3632 idem
477 3580 543 3632 in
577 3579 728 3633 notis
932 3579 967 3632 8
1012 3579 1303 3633 antistatae
1350 3578 1482 3632 libri
1686 3593 1715 3630 e
1761 3593 1860 3632 om.
1908 3579 1973 3645 ρ’*
2177 3577 2211 3631 9
2254 3577 2561 3646 intellegite

302 3671 360 3726 R
552 3675 799 3740 partibus
834 3672 1026 3728 ΑΒΕ1
1234 3673 1298 3726 11
1335 3673 1468 3741 6666]
1507 3687 1620 3726 6666
1656 3671 1847 3740 BCR,
1910 3677 1937 3724 ὅ
1974 3687 2030 3725 66
2072 3671 2125 3727 G-
2324 3670 2561 3724 ambitus

303 3765 358 3820 B
531 3766 596 3820 12
632 3766 861 3820 auersim
897 3767 1032 3832 Mb,
1094 3766 1357 3820 aduersim
1391 3767 1510 3820 rell.
1550 3771 1602 3820 et
1638 3765 1759 3823 Sca.
1939 3766 2069 3836 siue]
2109 3782 2163 3819 66
2201 3765 2330 3819 add.
2372 3765 2424 3820 G
2516 3790 2529 3802 κ

302 3869 337 3907 a
374 3859 507 3906 ante
553 3852 726 3920 capite
773 3851 904 3906 add.
942 3853 1072 3906 libri
1098 3857 1327 3920 praeter
1371 3851 1444 3904 M
1451 3852 1482 3905 b
1518 3857 1571 3906 et
1609 3852 1726 3906 Sch.
1936 3853 2002 3905 14
2056 3852 2185 3906 haec
2228 3867 2273 3918 p
2479 3851 2563 3904 in·

301 3938 649 3994 demutalibis
688 3939 770 4006 8¹,
821 3938 1178 3993 immutabilis
1217 3938 1290 3991 M
1297 3940 1326 3993 b
1501 3939 1567 3991 15
1603 3938 1893 3993 ammonite
1928 3938 2011 4002 Ε,
2067 3937 2339 3990 admonito
2382 3937 2429 3991 0

308 4026 373 4079 16
408 4027 642 4093 tangant
677 4023 1014 4080 DGHLRS
1186 4025 1248 4079 17
1275 4025 1546 4093 umquam]
1573 4023 1747 4092 figura
1769 4023 1895 4076 add.
1924 4022 2048 4076 Sch.
2222 4021 2347 4075 stud
2372 4023 2427 4078 R

304 4127 462 4182 mage
511 4111 564 4166 G
785 4111 850 4164 19
896 4110 1106 4164 desinet
1149 4110 1450 4173 DEFGP,
1512 4110 1673 4163 desiit
1716 4109 1791 4162 M
1796 4109 1829 4163 b
1853 4107 2000 4174 Sch„
2061 4107 2261 4162 desinit
2304 4109 2425 4164 rell.

303 4199 376 4256 20
419 4201 626 4252 starum
671 4197 758 4250 Ηι
965 4195 1486 4264 incorporaliumqllll
1534 4195 1580 4249 S
1781 4195 1843 4248 21
1898 4193 2045 4261 sunt]
2083 4195 2138 4246 et
2172 4194 2303 4248 add.
2338 4195 2417 4249 M
2446 4195 2562 4251 edi·

305 4290 478 4351 tores,
539 4286 602 4338 ut
648 4283 774 4338 add.
827 4283 1096 4337 Barthius
1302 4281 1510 4349 aliquid
1567 4280 1726 4335 GMb
1756 4279 1899 4344 Sela,
1962 4279 2132 4348 aliqui
2178 4280 2565 4348 ABOHLRS,

305 4371 489 4441 aliqua
521 4369 696 4425 DEF
897 4367 965 4422 22
1001 4370 1325 4422 ueterascere
1359 4367 1534 4422 ΒΕΓ
1553 4366 1676 4421 Sch.
1882 4365 1950 4420 23
1984 4381 2092 4420 non
2128 4365 2239 4420 Mb
