3175 5050
1076 411 1166 464 De
1203 413 1395 464 statu
1431 409 1695 463 animae
1741 408 1770 463 Ι
1804 410 1854 462 8.
2514 406 2597 475 47

1361 612 1552 696 VIII.

328 808 516 868 QVOD
563 806 772 855 OMNIS
816 806 1039 853 ANIMA
1085 806 1178 852 Ex
1221 804 1452 853 NVLLO
1497 804 1795 853 PROBSVS
1841 804 2212 853 ELEMENTO
2257 806 2395 853 AVT
2423 806 2596 865 Qvo-

961 909 1164 956 LIBET
1212 908 1523 957 CORPORE
1569 908 1675 957 SIT
1718 909 1962 959 FACTA.

412 1049 568 1113 Ecce
637 1048 826 1113 habes
897 1048 1302 1132 omnigenum
1369 1064 1589 1130 corpus
1658 1066 1729 1111 ex
1796 1048 2085 1113 omnibus
2144 1045 2472 1113 elementis
2527 1046 2595 1111 in

284 1150 635 1219 sfabricam
682 1150 952 1233 corporis
998 1148 1260 1215 humani
1316 1150 1607 1214 aeternae
1660 1149 1833 1215 illius
1880 1149 2158 1216 musicae
2202 1150 2308 1214 uix
2352 1151 2592 1234 cogita-

328 1254 564 1319 bilibus
610 1254 812 1319 modis
860 1257 1048 1337 atque
1095 1252 1452 1318 harmoniae
1484 1252 1731 1318 ratione
1760 1253 2164 1337 permixtum.
2234 1252 2397 1333 elige
2428 1270 2593 1317 nunc

331 1376 400 1421 ex
445 1376 565 1439 quo
609 1374 937 1439 corporum
981 1375 1209 1440 genere
1253 1357 1462 1421 anima
1519 1356 1627 1437 sit,
1674 1358 1729 1421 si
1775 1375 1995 1440 corpus
2028 1359 2123 1422 est
2153 1358 2381 1423 anima.
2451 1357 2596 1439 quia

328 1462 384 1525 si
446 1479 570 1525 non
631 1462 742 1527 aut
800 1479 873 1524 ex
938 1477 1062 1525 uno
1129 1459 1352 1524 horum
1398 1462 1509 1526 aut
1554 1479 1628 1524 ex
1673 1461 1987 1543 aliquibus
2031 1464 2141 1525 aut
2185 1478 2256 1525 ex
2302 1457 2604 1523 omnibus

331 1563 686 1647 corporibus
732 1566 829 1629 est
871 1562 1101 1646 anima,
1146 1582 1272 1628 non
1317 1565 1412 1628 est
1463 1582 1707 1647 corpus,
1790 1567 1897 1629 sed
1942 1564 2091 1645 quid
2124 1582 2288 1628 nunc
2316 1562 2594 1628 faciam?

261 1698 312 1737 ιο
330 1688 451 1750 quo
495 1688 596 1734 me
655 1668 899 1734 uertam
955 1667 1304 1732 acutissimi
1365 1669 1430 1731 et
1476 1667 1831 1732 doctissimi
1886 1667 2294 1749 disputatoris
2338 1664 2588 1749 ingenio

329 1772 392 1835 et
431 1773 564 1837 arte
606 1772 1030 1853 praeuentus?
1075 1770 1183 1853 qui
1227 1770 1472 1836 scilicet
1515 1771 1886 1855 intellegens
1917 1772 2163 1836 nullum
2195 1788 2416 1852 corpus
2459 1765 2592 1833 esse

329 1892 524 1957 posse,
572 1874 695 1939 nisi
739 1877 851 1939 aut
895 1874 1320 1957 principaliter
1365 1893 1437 1938 ex
1481 1874 1679 1939 nihilo
1725 1875 2021 1957 creatum,
2068 1876 2231 1941 sicut
2282 1872 2590 1939 elementa

329 1980 478 2042 sunt
521 1995 865 2061 corporum,
912 1978 1024 2043 aut
1068 1997 1140 2042 ex
1170 1976 1268 2041 his
1301 1976 1620 2061 analogica
1650 1979 1893 2044 ratione
1923 1980 2282 2061 formatum,
2314 1980 2589 2045 animam

331 2098 554 2162 corpus
591 2100 717 2147 esse
763 2080 1092 2146 decernens
1137 2080 1366 2146 maluit
1413 2084 1678 2147 eandem
1720 2101 1792 2147 ex
1822 2100 1946 2146 uno
1976 2080 2421 2166 principalium
2454 2098 2590 2145 cor-

260 2216 310 2256 15
327 2202 547 2267 porum
619 2184 835 2251 fictam
897 2204 1080 2269 quam
1140 2206 1212 2250 ex
1271 2185 1562 2252 omnibus
1624 2186 1815 2251 fuisse
1872 2185 2278 2267 conpositam.
2364 2182 2591 2250 callido

328 2286 622 2353 uidelicet
667 2292 889 2353 cautus
929 2288 1186 2372 ingenio
1230 2290 1436 2355 noluit
1480 2290 1729 2355 animae
1774 2289 2199 2355 substantiam
2242 2288 2586 2353 multorum

329 2408 654 2478 corporum
700 2409 1077 2475 congregare
1110 2394 1398 2471 mixtura,
1455 2412 1530 2457 ne
1576 2413 1649 2457 ex
1692 2391 1936 2458 hisdem
1982 2395 2305 2458 contracta
2348 2389 2588 2473 princi·

329 2494 449 2577 piis
519 2493 748 2577 quibus
820 2511 1044 2578 corpus
1109 2498 1468 2573 extrarium,
1527 2496 1582 2561 si
1644 2495 1897 2577 perinde
1956 2495 2265 2562 diceretur
2316 2493 2590 2577 potuisse

330 2597 604 2675 formari,
666 2602 918 2663 eatenus
979 2599 1298 2664 uideretur
1356 2616 1538 2679 posse
1598 2599 1874 2664 dissolui.
1953 2603 2327 2683 quapropter
2385 2616 2589 2663 aerem

258 2732 312 2772 πο
331 2701 582 2785 delegit,
630 2720 700 2766 ex
747 2720 868 2785 quo
914 2705 1024 2766 aut
1071 2703 1173 2768 cui
1203 2702 1480 2768 animam
1509 2703 1782 2768 similem
1822 2704 1955 2769 fore
1985 2703 2277 2771 decernat
2314 2701 2587 2767 adiciens

330 2805 758 2870 testimonium
803 2807 899 2871 sui
943 2805 1148 2872 nescio
1196 2807 1370 2872 cuius
1415 2807 1709 2887 auctoris,
1758 2806 1930 2874 cuius
1976 2807 2129 2874 haec
2172 2807 2367 2872 uerba
2411 2807 2584 2869 sunt:

330 2907 757 2974 nonnullae
801 2912 1018 2990 sunt,
1050 2909 1276 2992 inquit,
1308 2908 1727 2992 spiritales
1770 2913 2133 2989 naturae,
2167 2913 2252 2975 ut
2288 2905 2587 2992 angeli,

534 3111 604 3168 22
639 3109 706 3167 cf.
745 3127 868 3181 pag.
909 3113 993 3178 10,
1032 3115 1058 3168 1

431 3297 466 3350 4
509 3299 654 3352 inter
697 3299 798 3353 hoc
841 3303 894 3354 et
943 3299 1198 3367 superius
1244 3305 1415 3368 caput
1459 3299 1731 3368 quaedam
1775 3299 2042 3356 eaecidisse‘
2085 3301 2398 3356 arbitratur
2443 3299 2591 3354 Bar-

305 3384 478 3460 'thius
683 3385 718 3439 5
759 3383 1023 3438 humanae
1067 3384 1140 3440 M
1145 3385 1176 3439 b
1189 3425 1203 3451 ,
1263 3385 1553 3438 humanam
1600 3385 1830 3441 coniecit
1862 3387 1955 3440 uel
1998 3387 2188 3454 potius
2240 3385 2592 3441 omittendam

251 3457 304 3476 '²
330 3486 442 3525 esse
476 3485 663 3526 uocem
696 3475 761 3526 ut
791 3471 1048 3541 ylossema
1081 3475 1262 3526 censet
1294 3470 1570 3525 Bar-thius
1777 3471 1809 3524 7
1846 3472 1921 3524 sit
1956 3471 2137 3526 anima
2170 3471 2463 3527 ABDEF

329 3557 365 3610 8
398 3555 525 3625 non]
563 3559 645 3610 est
681 3555 712 3609 b
731 3555 851 3613 Βοὴ.
1025 3556 1058 3611 9
1092 3555 1288 3625 anima]
1326 3557 1422 3610 aut
1445 3555 1574 3610 add.
1612 3557 1645 3611 b
1662 3556 1781 3612 θοὴ.
1956 3557 2216 3614 faciamus
2250 3558 2308 3614 R
2333 3557 2453 3614 Βοὴ.

333 3643 400 3698 10
432 3658 537 3711 quo
571 3644 674 3712 me]
713 3659 882 3713 quone
920 3643 1041 3699 θεὴ.
1249 3646 1526 3698 uertamns
1563 3643 1683 3699 Sch.
1697 3684 1711 3711 ‚
1770 3647 2046 3700 uertamur
2079 3646 2135 3702 R
2345 3645 2408 3700 11
2446 3660 2593 3714 prae-

330 3729 483 3782 uenti
519 3729 640 3784 Βοὴ.
848 3733 914 3787 13
959 3747 1239 3800 corporum
1275 3735 1405 3787 sunt
1439 3731 1704 3786 elementa
1740 3731 1857 3787 θοὴ.
1873 3774 1886 3798 ,
1948 3747 2165 3801 corpora
2200 3735 2329 3787 sunt
2364 3733 2589 3786 elemen-

330 3820 509 3870 torum
559 3817 633 3870 Μ
640 3815 672 3869 b
874 3819 1057 3873 anima
1108 3818 1164 3872 in
1217 3819 1274 3874 R
1482 3819 1550 3873 14
1602 3819 1903 3888 corporum]
1956 3819 2241 3873 aestimare
2285 3817 2415 3872 add.
2472 3817 2592 3874 Sch-

332 3919 360 3956 e
384 3902 566 3957 codrice
605 3903 657 3956 T
825 3905 890 3959 15
924 3904 1125 3960 factam
1161 3905 1193 3962 b
1370 3906 1436 3960 16
1470 3905 1665 3975 noluit]
1704 3905 1760 3959 in
1796 3904 1926 3960 add.
1974 3905 2026 3960 G
2200 3903 2265 3958 17
2302 3904 2591 3959 mixturam

329 3988 860 4044 A²B²DEFGH¹R
1063 3991 1230 4046 isdem
1265 3991 1569 4057 BEFHR,
1630 3992 1831 4046 eisdem
1864 3991 2049 4058 DLS,
2108 3989 2299 4045 iisdem
2336 3989 2453 4046 Βοὴ.
2496 3991 2591 4058 (cf.

327 4074 585 4142 indicem)
796 4076 862 4129 18
907 4076 1118 4146 quibus]
1166 4077 1318 4132 cuius
1372 4078 1420 4133 0
1598 4077 1813 4146 perinde
1866 4077 1991 4132 GM
2002 4117 2015 4140 ,
2073 4074 2291 4144 proinde
2336 4075 2455 4131 rell.

333 4160 398 4216 19
441 4160 664 4216 formari
711 4177 814 4218 om.
862 4161 975 4217 HS
1168 4165 1410 4218 itatenus
1455 4164 1599 4219 com’.
1643 4163 1917 4218 Barthius
2122 4161 2193 4215 20
2234 4161 2403 4228 elegit
2456 4161 2509 4218 G
2540 4167 2593 4217 ct

331 4247 363 4302 b
403 4263 473 4304 ex
501 4247 682 4319 glossa
713 4249 1088 4318 superscripta
1120 4251 1183 4304 in
1218 4252 1317 4318 M,
1377 4249 1567 4319 diligit
1601 4251 1658 4306 R
1830 4249 2066 4304 decernit
2103 4249 2157 4305 G
2328 4248 2397 4304 22
2432 4248 2590 4317 spiri-

330 4333 483 4404 tales]
523 4333 851 4404 splendentis
895 4336 941 4392 G
