3175 5050
573 437 702 504 192
1344 431 1716 488 Claudiani
1752 430 2065 486 Mamerti

574 624 773 708 ipsius
847 624 938 688 rei
1002 621 1311 704 imagines
1384 618 1783 706 <tam)quam
1848 638 1961 703 per
2028 637 2246 686 sensus
2315 621 2607 702 eorporiS,
2675 618 2843 703 quod

576 726 797 813 dirigit
839 724 1157 803 memoria,
1224 725 1293 790 in
1337 723 1591 790 auribus
1657 723 2046 800 intromittit,
2108 742 2180 789 ae
2223 723 2388 790 siout
2432 722 2841 807 loquentibus

574 829 758 896 nobis
802 828 1249 911 intellegimus,
1303 830 1368 893 et
1411 826 1733 892 absentias
1779 844 1987 892 rerum
2034 827 2097 892 et
2139 827 2451 912 imagines
2495 828 2841 893 memoriae

575 936 873 1015 retentaS,
933 949 1074 996 eum
1131 931 1425 996 uoluntas
1483 928 1699 1008 fuerit,
1746 928 2119 1014 cogitamus.
2198 933 2305 998 sed
2350 932 2581 1015 duplex
2624 948 2839 995 rerum

577 1038 838 1100 natura:
886 1034 952 1100 et
996 1034 1332 1118 corporalis
1375 1032 1575 1116 igitur
1618 1037 1683 1098 et
1728 1033 2095 1117 spiritualis.
2164 1034 2363 1101 omnis
2409 1035 2639 1118 quippe
2669 1051 2841 1098 orea-
2884 1052 2910 1092 ⁵

577 1141 721 1203 tura
762 1139 871 1203 aut
916 1136 1173 1221 spiritus
1217 1138 1326 1202 aut
1370 1154 1595 1221 eorpus
1638 1137 1751 1202 est.
1822 1137 2160 1220 corporalia
2202 1137 2446 1205 scilieet
2474 1156 2587 1222 per
2616 1153 2839 1220 eorpus

572 1239 902 1319 sentimuS,
968 1239 1425 1306 intellectualia
1497 1240 1824 1307 intellectu
1894 1241 2294 1324 percipimus.
2384 1261 2531 1326 ergo
2598 1240 2842 1307 duobus

577 1345 776 1411 modis
833 1346 1139 1426 quantum
1183 1343 1252 1408 in
1296 1342 1417 1409 hae
1461 1344 1597 1409 uita
1641 1346 1825 1411 datur
1875 1345 2078 1410 omnis
2135 1345 2227 1410 rei
2282 1345 2550 1411 habetur
2594 1342 2841 1409 notitia.

573 1447 731 1530 quid
787 1448 872 1512 sit
917 1463 1080 1530 ergo,
1140 1448 1304 1529 quod
1349 1445 1580 1513 dicitur
1640 1449 1765 1513 tria
1810 1465 1942 1514 esse
1986 1467 2216 1534 genera
2259 1449 2713 1532 quaestionum,
2762 1465 2843 1512 an

572 1551 682 1627 sit,
729 1550 881 1633 quid
923 1549 1029 1629 sit,
1076 1550 1261 1632 quale
1305 1549 1438 1616 sit?
1483 1569 1590 1616 eur
1638 1568 1869 1632 quaeso
1916 1551 2170 1634 dieitur,
2219 1571 2295 1618 an
2328 1551 2431 1631 sit,
2466 1569 2611 1617 oum
2640 1550 2842 1616 omnis
2862 1571 2915 1610 ιο

581 1653 810 1720 notitia
875 1673 1007 1719 rem
1075 1656 1405 1719 ostendens
1471 1655 1957 1738 ambiguitatem
2013 1655 2201 1721 tollat
2258 1656 2324 1720 et
2379 1655 2673 1720 dubitare
2717 1670 2842 1719 non

575 1755 794 1823 sinat?
839 1757 946 1821 sed
982 1775 1096 1840 ego
1140 1758 1293 1840 puto
1337 1756 1432 1822 ita
1474 1757 1753 1840 positum
1799 1777 1931 1823 esse
1961 1758 2077 1824 hoe
2105 1757 2493 1842 ambiguum,
2539 1757 2689 1840 quia
2719 1773 2841 1821 non

574 1861 790 1926 omnia
845 1861 1335 1927 substantiarum
1398 1866 1565 1942 sunt,
1628 1863 1735 1928 sed
1780 1862 2175 1944 reperiuntur
2218 1863 2443 1946 aliqua,
2490 1879 2651 1944 quae
2696 1877 2843 1942 pro·

578 1963 868 2029 bationes
927 1982 1137 2029 earum
1197 1964 1553 2030 ostendunt.
1632 1967 1811 2030 uerbi
1866 1984 2048 2031 causa
2094 1965 2149 2029 si
2194 1965 2570 2047 requiratur,
2624 1965 2843 2028 utrum

579 2068 814 2132 bonum
882 2067 1234 2134 substantia
1298 2072 1395 2132 est
1461 2088 1538 2134 an
1606 2088 1751 2149 non,
1797 2071 2235 2152 respondemus
2303 2086 2426 2134 non
2487 2085 2623 2132 esse
2688 2065 2913 2131 sub-1⁵

579 2170 902 2249 stantiam,
978 2171 1085 2236 sed
1156 2170 1576 2253 priuationem
1651 2173 1827 2240 mali.
1914 2175 2079 2239 reete
2142 2174 2307 2239 enim
2382 2171 2705 2255 quaeritur
2769 2170 2841 2234 in

574 2275 939 2356 quaestione
993 2271 1216 2357 prima,
1274 2274 1487 2338 utrum
1543 2286 1764 2358 eorpus
1812 2275 1897 2339 sit
1941 2293 2020 2340 an
2068 2275 2347 2357 spirituS,
2396 2281 2461 2342 et
2505 2275 2574 2340 in
2620 2275 2841 2340 subse-

575 2379 808 2460 quente
871 2377 1229 2460 requiritur,
1299 2379 1483 2460 quale
1553 2378 1657 2462 sit,
1727 2378 1941 2444 utrum
2008 2396 2233 2460 eorpus
2291 2379 2563 2445 animale
2621 2377 2709 2444 sit
2756 2396 2839 2443 an

575 2482 924 2565 spirituale,
1001 2481 1254 2566 spiritus
1329 2479 1659 2547 rationalis
1732 2499 1812 2548 an
1887 2480 2303 2549 inrationalis.
2390 2486 2557 2550 reete
2646 2482 2841 2568 igitur

574 2586 842 2652 definita
907 2590 1054 2651 sunt
1117 2585 1246 2651 tria
1301 2604 1435 2651 esse
1492 2604 1725 2669 genera
1781 2586 2240 2669 quaestionum,
2300 2586 2376 2652 de
2431 2587 2657 2671 quibus
2712 2587 2911 2651 iamne

577 2689 738 2755 satis
806 2688 1098 2769 breuiter,
1146 2691 1221 2755 ut
1279 2689 1567 2770 arbitror,
1636 2688 1930 2755 diximus.
2004 2707 2171 2757 nuno
2241 2689 2437 2756 etiam
2503 2690 2837 2756 uideamus

574 2794 734 2877 quot
775 2810 1005 2874 genera
1048 2797 1192 2860 sunt
1253 2812 1595 2877 corporum.

666 2912 964 2994 Quamuis
1022 2915 1511 2982 innumerabiles
1568 2917 1803 3001 speeies
1869 2915 1981 2981 sub
2044 2935 2109 2981 se
2163 2916 2411 2995 habeat,
2458 2913 2589 2981 tria
2629 2916 2838 2979 tamen

654 3202 679 3256 1
720 3204 994 3272 tamquam
1028 3202 1259 3272 scripsi,
1313 3208 1420 3272 qua
1456 3203 1546 3270 M,
1603 3219 1736 3274 quas
1772 3205 2006 3260 editores
2202 3203 2437 3272 eorporis
2471 3201 2544 3272 qd
2576 3203 2671 3267 M,
2730 3217 2843 3256 eor·

577 3306 826 3375 purisque
863 3322 909 3377 p
1115 3306 1150 3359 2
1196 3306 1448 3374 memorie
1493 3307 1587 3372 M,
1641 3322 1780 3361 corr.
1826 3307 1859 3361 b
2066 3292 2149 3362 εἶτ
2194 3308 2289 3373 Μ,
2350 3306 2428 3360 sio
2474 3305 2705 3360 editores

576 3398 754 3447 totum
801 3393 1154 3448 enuntiatum
1199 3394 1278 3448 sie
1323 3392 1769 3448 constituendum
1813 3398 1990 3449 censet
2044 3394 2169 3449 Gar.
2218 3392 2593 3447 Schenkeliusz
2652 3407 2841 3445 nomen

579 3496 709 3548 ergo
759 3479 933 3533 dixere
979 3480 1200 3547 prioreS,
1247 3478 1387 3547 quod
1431 3494 1544 3533 rem
1589 3480 1774 3534 notam
1817 3478 2000 3533 faeiat.
2062 3479 2203 3549 quod
2238 3478 2409 3548 ipsius
2444 3479 2525 3531 rei
2559 3478 2839 3546 imagines,

575 3581 716 3635 quas
762 3580 856 3633 per
891 3580 1077 3618 sensus
1115 3566 1347 3635 eorporis
1383 3565 1570 3635 [quod]
1608 3564 1825 3635 dirigit,
1874 3566 2129 3620 memoria
2172 3566 2230 3619 in
2266 3566 2485 3619 auribus
2521 3563 2843 3618 intromittit

581 3703 644 3740 ae
677 3687 819 3741 sieut
851 3687 1197 3756 loquentibus
1233 3686 1388 3741 nobis
1425 3686 1816 3757 intellegimus,
1852 3689 1909 3741 et
1932 3723 1947 3739 .
1965 3723 1981 3740 .
2000 3724 2015 3740 .
2033 3688 2335 3756 cogitamus
2509 3688 2544 3741 5
2578 3686 2770 3756 igitur]
2804 3649 2841 3755 g

576 3790 663 3855 M,
718 3805 819 3844 om.
846 3788 1082 3845 editores
1253 3772 1455 3858 spffi‘lis
1478 3791 1555 3844 M
1723 3776 1795 3859 (ᾖ)
1820 3790 1897 3843 Μ
2062 3792 2095 3845 6
2124 3780 2212 3845 ‘ut
2237 3791 2310 3845 M
2328 3790 2546 3859 (priore
2568 3792 2706 3859 loeo)

579 3878 615 3931 9
650 3876 780 3945 quid
801 3877 1015 3945 scripsi,
1070 3875 1210 3945 quod
1245 3876 1318 3930 M
1341 3876 1576 3932 editores
1748 3877 1823 3930 sit
1856 3876 1944 3941 M,
1996 3878 2083 3930 est
2116 3875 2482 3944 Schenkelius,
2538 3892 2617 3931 an
2652 3877 2747 3945 qui
2779 3875 2842 3931 fit

575 3996 926 4053 scribendum
949 3997 978 4052 3
1166 3998 1233 4052 12
1267 3968 1305 4049 fl
1345 3997 1418 4050 M
1608 3996 1675 4051 13
1710 3967 1983 4066 {bacionis
2019 3996 2095 4051 M
2300 3997 2363 4051 16
2399 3998 2761 4087 prin-ationem
2794 3998 2842 4063 b,

581 4100 824 4167 priuaeio
877 4100 953 4153 M
1155 4100 1219 4153 17
1272 4100 1484 4169 questio
1532 4104 1562 4153 ὅ
1614 4100 1689 4155 Μ
1889 4100 1960 4155 23
2012 4101 2346 4155 sententiam
2380 4116 2417 4155 a
2466 4102 2715 4169 quamuis
2759 4100 2842 4153 in·

576 4185 871 4253 cipientem
922 4202 1043 4240 eum
1093 4187 1342 4255 sequenti
1395 4186 1685 4241 enuntiato
1739 4186 1846 4240 tria
1898 4188 2082 4240 tamen
2128 4186 2413 4251 coniunxi,
2468 4200 2593 4241 eum
2637 4190 2843 4239 antece·

578 4270 833 4325 dentibus
866 4272 1107 4341 ianqunt
1143 4272 1395 4338 editores,
1433 4286 1566 4341 quos
1600 4272 1652 4326 si
1685 4272 1838 4341 sequi
1871 4272 1977 4338 uis,
2014 4272 2322 4326 necessaria
2354 4275 2497 4326 certe
2532 4275 2614 4325 est
2649 4270 2843 4325 Schen-

576 4357 713 4412 Itelii
749 4356 1057 4413 emendatio
1094 4358 1330 4413 habeant
1362 4359 1657 4414 scribentis
