3175 5050
642 442 774 508 200
1425 442 1800 498 Claudian'i
1834 444 2149 502 Mamerti

1106 955 1420 1005 SIDONIVS
1475 955 1875 1004 CLAVDIANO
1920 957 2047 1005 SVO
2094 955 2428 1006 SALVTEM.

727 1141 1080 1220 Committi,
1127 1143 1372 1208 domine
1416 1142 1633 1220 maior,
1688 1141 1754 1206 in
1799 1141 2279 1208 necessitudinis
2324 1145 2463 1209 iura
2503 1148 2899 1231 pronuntiaS,

635 1263 770 1330 cur,
817 1245 979 1329 quod
1025 1247 1104 1310 ad
1152 1244 1322 1310 salue
1367 1244 1487 1309 tibi
1521 1245 1806 1310 debitum
1834 1247 2090 1328 spectat,
2138 1266 2175 1312 a
2204 1248 2351 1312 stilo
2384 1251 2445 1312 et
2477 1251 2901 1334 pugillaribus

635 1349 747 1414 diu
801 1349 1163 1430 temperem,
1222 1351 1504 1431 quodque
1563 1347 1853 1430 deinceps
1911 1349 2121 1414 nullas
2174 1350 2455 1416 uiantum
2519 1353 2697 1420 uolas
2758 1374 2901 1419 mea

637 1470 908 1535 papyrus
954 1453 1321 1529 onerauerit,
1371 1467 1530 1534 quae
1573 1468 1689 1515 uos
1720 1452 1895 1516 cultu
1938 1451 2189 1518 sedulae
2220 1453 2538 1536 sospitatis
2570 1455 2897 1539 inpertiat.
2944 1478 2972 1519 5

637 1559 884 1638 praeter
931 1573 1198 1638 aequum
1240 1555 1365 1618 ista
1409 1553 1742 1631 coniectae,
1796 1555 1850 1618 si
1896 1573 2068 1620 reare
2109 1556 2470 1622 mortalium
2516 1577 2900 1642 quemquam

635 1658 768 1741 (cui
823 1659 1034 1724 tamen
1092 1658 1496 1722 sermocinari
1551 1657 1855 1722 latialiter
1908 1657 2074 1722 cordi
2122 1660 2241 1737 est)
2289 1677 2413 1724 non
2458 1680 2703 1744 pauere,
2754 1683 2901 1730 cum

635 1765 703 1826 in
749 1781 999 1827 examen
1043 1747 1286 1826 aurium
1333 1764 1586 1826 tuarum
1634 1761 1863 1843 quippe
1908 1762 2179 1843 scriptus
2241 1763 2590 1844 adducitur,
2639 1766 2902 1832 tuarum

635 1864 894 1947 inquam
941 1866 1205 1942 aurium,
1261 1883 1526 1946 quarum
1585 1864 1867 1947 peritiae,
1928 1865 1981 1928 si
2042 1884 2141 1929 me
2200 1865 2605 1932 decursorum
2650 1869 2727 1933 ad
2778 1869 2903 1933 hoc

636 1968 776 2032 aeui
843 1968 1198 2049 temporum
1263 1969 1697 2052 praerogatiua
1760 1986 1885 2033 non
1951 1968 2193 2044 obruat,
2258 1988 2373 2035 nec
2432 1971 2898 2038 Frontonianae
2922 1999 2973 2038 10

637 2072 971 2154 grauitatis
1015 2072 1124 2136 aut
1165 2069 1456 2152 ponderis
1489 2071 1818 2158 Apuleiani
1864 2070 2099 2136 flumen
2130 2073 2551 2155 aequiparem,
2598 2073 2699 2140 cui
2733 2075 2903 2139 Var-

635 2191 817 2238 rones
875 2173 977 2239 uel
1035 2173 1344 2239 Atacinus
1399 2175 1502 2238 uel
1563 2176 1910 2253 Terentina,
1974 2175 2165 2240 Plinii
2226 2177 2328 2241 uel
2390 2179 2739 2244 auunculus
2793 2179 2905 2243 uel

637 2276 960 2342 Secundus
1021 2277 1326 2359 conpositi
1384 2277 1454 2343 in
1497 2277 1999 2361 praesentiarum
2043 2279 2535 2346 rusticabuntur.
2610 2279 2903 2363 adstipu-

637 2379 807 2445 latur
850 2379 1082 2446 iudicio
1119 2399 1258 2464 meo
1289 2382 1581 2446 uolumen
1613 2381 1790 2457 illud,
1824 2381 1987 2464 quod
2016 2382 2156 2447 tute
2198 2402 2427 2466 super
2470 2384 2691 2448 statu
2736 2387 2904 2449 ani-

637 2501 796 2549 mae
839 2501 1049 2549 rerum
1092 2483 1546 2567 uerborumque
1590 2483 1849 2551 scientia
1894 2483 2315 2551 diuitissimus
2356 2487 2800 2569 propalauisti,
2832 2488 2905 2553 in
2926 2514 2973 2553 ιε

635 2606 778 2669 quc,
837 2587 988 2651 dum
1043 2587 1125 2652 ad
1178 2606 1387 2653 meum
1443 2606 1671 2653 nomen
1728 2588 2149 2671 prooemiaris,
2206 2588 2321 2654 hoc
2365 2609 2593 2656 munus
2638 2591 2906 2674 potissi-

635 2710 814 2755 mum
861 2690 1014 2773 cepi,
1063 2693 1132 2754 ut
1178 2708 1349 2755 meae
1395 2690 1568 2756 fama
1611 2708 1923 2774 personae,
1970 2709 2160 2773 quam
2204 2711 2421 2775 operae
2463 2694 2745 2776 pretium
2776 2714 2907 2761 non

639 2798 774 2859 erat
830 2794 1132 2859 librorum
1191 2812 1448 2858 suorum
1513 2794 1720 2860 titulis
1776 2794 2205 2875 inclarescere,
2266 2800 2519 2861 tuorum
2594 2796 2905 2863 beneficio

637 2898 1128 2980 perpetuaretur.
1205 2898 1273 2961 at
1329 2895 1509 2978 quod,
1569 2898 1721 2961 deus
1764 2916 2007 2980 magne,
2062 2902 2489 2981 quantumque
2535 2918 2688 2983 opus
2736 2901 2906 2965 illud

639 3001 737 3065 est
801 3001 1068 3064 materia
1124 3000 1421 3083 clausum,
1482 3000 1931 3065 declamatione
1983 3001 2408 3083 conspicuum,
2470 3005 2904 3089 propositione
2922 3029 2975 3068 20

635 3101 1047 3180 obstructum,
1122 3102 1545 3185 disputatione
1633 3106 1974 3169 reseratum
2049 3107 2115 3170 et
2190 3125 2567 3188 quamquam
2640 3108 2905 3192 propter

635 3204 888 3271 hamata
952 3204 1452 3287 syllogismorum
1519 3210 1754 3287 puncta
1820 3206 2217 3286 tribulosum,
2287 3211 2612 3274 uernantis
2678 3212 2905 3275 tamen

637 3309 869 3391 eloquii
914 3307 1064 3375 flore
1107 3308 1440 3374 mellitum.
1514 3328 1677 3375 noua
1721 3309 1813 3374 ibi
1860 3310 2068 3393 uerba,
2130 3311 2277 3393 quia
2319 3315 2588 3393 uetusta,
2635 3317 2902 3396 quibus-

638 3433 756 3497 que
805 3414 1082 3479 conlatus
1117 3414 1342 3479 merito
1377 3414 1568 3478 etiam
1600 3415 2001 3497 antiquarum
2032 3414 2355 3481 literarum
2386 3417 2571 3483 stilus
2601 3419 2903 3501 antiqua-

635 3521 829 3594 retur,
877 3520 1158 3600 quodque
1201 3518 1558 3599 pretiosiuS‚
1615 3521 1749 3583 tota
1793 3516 1913 3605 illa
1953 3518 2144 3583 dictio
2192 3519 2284 3583 sic
2329 3521 2707 3586 caesuratim
2753 3540 2967 3588 suc-2⁵

636 3618 840 3684 cincta
897 3620 1058 3703 quod
1124 3620 1456 3701 profluens,
1513 3639 1699 3702 quam
1743 3608 1927 3685 rebus
1974 3622 2252 3705 amplam
2299 3624 2713 3707 strictamque
2754 3644 2903 3689 sen-

633 3722 852 3789 tentiis
897 3724 1132 3788 sentias
1175 3726 1316 3806 plus
1364 3724 1579 3789 docere
1625 3742 1813 3806 quam
1858 3725 2077 3789 dicere.
2160 3724 2424 3808 denique
2470 3730 2531 3791 et
2578 3729 2900 3810 quondam

636 3845 748 3891 nec
793 3826 1024 3892 iniuria
1066 3828 1218 3892 haee
1261 3827 1621 3911 principalis
1672 3828 1957 3893 fecundia
2001 3832 2480 3911 conputabatur,
2538 3833 2638 3895 cui
2681 3835 2899 3915 paucis

633 3930 838 3995 multa
867 3930 1184 3996 cohibenti
1219 3950 1403 3996 curae
1434 3931 1556 3996 fuit
1580 3948 1835 3997 causam
1864 3934 2071 4014 potius
2102 3930 2337 4015 inplere
2363 3952 2553 4015 quam
2575 3936 2897 4019 paginam.

740 4217 771 4269 1
825 4218 994 4273 Hanc
1043 4218 1351 4287 epistulam,
1403 4234 1514 4287 qua
1567 4218 1833 4275 Sidonius
1878 4221 2233 4289 praecedenti
2285 4222 2576 4291 respondet
2622 4226 2727 4292 (est
2768 4225 2901 4281 libri

634 4302 782 4356 IIII
827 4304 978 4371 epist.
1037 4303 1202 4375 III),
1258 4320 1324 4359 ex
1377 4306 1691 4360 recensione
1743 4306 1947 4361 Bar-eti
1999 4307 2249 4362 dedimus
2500 4310 2569 4363 23
2621 4308 2896 4365 mollitum

636 4388 882 4443 Baretus
