3175 5050
985 440 1074 493 De
1105 439 1296 493 statu
1331 436 1595 491 animae
1638 436 1700 493 11
1735 437 1787 491 2.
2393 436 2517 503 103

265 632 541 697 eundum
615 631 758 695 rata
815 648 881 693 se
939 628 1180 693 scilieet
1239 627 1402 693 inter
1461 628 1734 693 extrema
1784 626 2057 692 mediam
2114 626 2385 709 repperit
2450 644 2519 692 eo
2638 645 2647 649 ·

265 735 430 818 quod
474 753 586 799 nee
631 733 921 815 cuiquam
967 749 1291 814 corporum
1335 732 1560 797 similis
1599 732 1942 807 exsisteret,
1989 730 2137 813 quia
2164 728 2518 793 similitudo

265 839 368 903 dei
409 838 592 916 esset,
637 856 754 903 nee
797 836 997 901 eidem
1045 836 1300 918 aequari
1329 836 1446 901 deo
1467 867 1470 873 ·
1491 837 1717 919 posset,
1768 836 1915 919 quia
1960 836 2080 901 etsi
2128 834 2205 899 ab
2238 836 2347 899 illo
2380 852 2517 899 eoe-

259 940 475 1025 pisset‚
522 941 599 1005 de
643 939 751 1005 illo
797 958 922 1005 non
969 942 1150 1004 esset.

347 1060 816 1127 Animaduertit
861 1060 1056 1125 etiam
1101 1060 1169 1125 in
1213 1080 1419 1125 rerum
1465 1059 1859 1141 plenitudine
1902 1060 2071 1126 aliud
2118 1080 2251 1125 esse
2298 1080 2517 1127 secun-

263 1166 412 1229 dum
479 1166 810 1230 ueritatem
877 1166 1039 1247 quod
1104 1164 1409 1229 iudicaret
1474 1182 1587 1229 neo
1650 1163 2051 1243 iudicaretur,
2119 1165 2290 1229 aliud
2357 1166 2519 1249 quod

265 1268 571 1333 iudicaret
615 1270 678 1333 et
721 1268 1118 1349 iudicaretur,
1179 1268 1350 1333 aliud
1387 1268 1549 1350 quod
1591 1267 1974 1334 iudicaretur
2016 1288 2130 1334 nee
2175 1270 2516 1335 iudicaret:

263 1373 603 1440 seeundum
660 1372 995 1437 ueritatem
1049 1373 1235 1438 deum
1291 1372 1560 1437 iudicare
1615 1371 1693 1436 de
1751 1388 1869 1455 quo
1936 1391 2061 1438 non
2115 1372 2517 1453 iudicaretur,

263 1475 540 1541 animam
605 1475 879 1541 iudicare
945 1478 1008 1540 et
1067 1476 1352 1553 iudicari,
1407 1494 1673 1558 xcorpora
1728 1476 1995 1541 iudicari
2050 1496 2161 1542 neo
2220 1477 2514 1543 iudicare.

191 1602 244 1643 ιο
263 1581 415 1644 tune
461 1582 673 1645 autem
717 1579 980 1654 minime
1024 1580 1163 1644 falli
1207 1581 1608 1653 iudicantem,
1650 1598 1790 1644 oum
1840 1580 2134 1644 adhaeret
2164 1580 2265 1644 illi
2296 1600 2517 1645 seeun-

137 1706 144 1710 ·
261 1684 408 1747 dum
468 1683 630 1764 quod
689 1682 943 1761 iudicat,
1003 1687 1154 1748 tune
1214 1684 1486 1747 maxime
1530 1701 1676 1747 eum
1721 1683 2070 1749 conlabitur
2117 1685 2195 1748 ad
2240 1684 2397 1749 illud
2442 1686 2517 1750 de

262 1804 384 1869 quo
426 1785 683 1850 iudicat.
756 1786 1070 1850 intellexit
1115 1804 1356 1868 quoque
1400 1790 1656 1869 propter
1702 1786 2146 1851 inmutabilem
2192 1787 2323 1852 uim
2369 1806 2516 1853 eon-

259 1887 594 1953 trariorum
656 1888 821 1953 sieut
884 1888 1170 1955 tenebras
1235 1888 1385 1972 luei,
1455 1890 1621 1955 sieut
1700 1890 2003 1955 essentiae
2070 1891 2357 1969 nihilum,
2426 1894 2517 1957 ita

261 1993 613 2075 incorporeo
695 2010 918 2074 eorpus
985 2011 1120 2057 esse
1195 1995 1578 2059 eontrarium
1656 1997 1719 2058 et
1796 1994 1962 2081 uidit
2034 1994 2517 2059 similitudinem

190 2116 242 2157 15
261 2095 558 2178 cuiusque
603 2098 696 2161 rei
739 2098 806 2161 in
853 2099 1162 2163 contrario
1205 2116 1336 2163 esse
1378 2117 1500 2163 non
1543 2116 1739 2180 posse,
1772 2100 1919 2181 quia
1950 2098 2249 2163 uidelicet
2278 2096 2519 2164 inmota

261 2217 471 2263 rerum
515 2200 678 2265 ratio
733 2217 855 2265 non
900 2202 1073 2278 sinit,
1118 2205 1190 2266 ut
1235 2201 1471 2284 aliquid
1515 2203 1696 2267 uiuat
1739 2204 2075 2280 mortuum,
2125 2203 2335 2267 uideat
2382 2220 2517 2267 eae-

263 2318 427 2378 oum,
487 2304 844 2368 substantia
899 2304 982 2368 sit
1032 2305 1222 2369 simul
1278 2308 1340 2369 et
1392 2304 1684 2371 nihilum.
1759 2306 1862 2369 hie
1906 2304 2102 2388 igitur
2146 2304 2517 2391 intellegens

261 2405 544 2470 nonnihil
591 2407 655 2470 in
700 2407 909 2471 anima
950 2406 1228 2471 humana
1273 2426 1404 2472 esse
1450 2408 1560 2472 deo
1608 2408 1832 2490 simile,
1866 2410 2016 2490 quia
2046 2408 2132 2471 sit
2161 2408 2269 2471 ille
2300 2408 2517 2472 lumen

259 2506 641 2576 inluminans
713 2513 776 2575 et
843 2510 994 2576 haec
1059 2510 1274 2576 lumen
1356 2511 1824 2590 inluminabile‚
1900 2512 2322 2596 incorpoream
2394 2530 2517 2577 non

189 2637 240 2677 20
261 2611 452 2678 dubia
507 2615 788 2679 decreuit
844 2614 1001 2678 illud
1048 2614 1340 2698 adiciens,
1401 2615 1564 2698 quod
1609 2617 1664 2680 si
1708 2617 1919 2682 anima
1977 2635 2197 2700 eorpus
2244 2617 2408 2682 esset
2454 2618 2519 2681 et

257 2716 415 2800 haee
471 2719 687 2781 eadem
739 2717 1086 2784 similitudo
1143 2720 1240 2785 dei
1299 2721 1481 2799 esset,
1542 2738 1864 2802 corporeus
1921 2739 2065 2802 ergo
2123 2723 2273 2786 deus
2332 2725 2513 2800 esset,

359 3007 390 3060 1
443 3008 622 3060 ratam
675 3006 790 3060 Mb
995 3007 1090 3062 sed
1143 3008 1254 3064 BR
1456 3009 1707 3077 extrema]
1758 3010 1813 3062 et
1847 3025 2092 3078 suprema
2126 3009 2254 3064 add.
2282 3009 2381 3063 ,Ε2

256 3101 510 3168 repperiit
542 3101 637 3165 M,
696 3101 918 3170 reperiit
953 3102 1010 3170 b,
1066 3103 1267 3172 reperit
1308 3102 1516 3159 GHLS
1700 3103 1735 3156 2
1770 3119 1838 3156 ne
1871 3103 2059 3158 HL&
2242 3105 2514 3173 cuiquam]

256 3208 350 3246 nee
395 3194 522 3249 add.
571 3195 627 3250 R
838 3197 1073 3265 eorporis
1117 3197 1174 3252 R
1380 3213 1486 3266 qua
1531 3196 1657 3263 LS,
1717 3212 1817 3267 que
1864 3197 1959 3262 M,
2020 3197 2114 3266 qui
2150 3197 2260 3251 AB
2273 3197 2517 3254 ΟΒΈῊ1

255 3289 310 3344 R
515 3290 550 3343 3
595 3289 766 3345 eidem
811 3290 886 3344 M
891 3293 946 3358 b,
1005 3291 1194 3345 itidem
1243 3293 1360 3345 rell.
1401 3297 1449 3346 et
1486 3292 1607 3346 Solo.
1815 3294 1997 3360 posset
2044 3291 2115 3356 δ’,
2176 3294 2350 3360 possit
2398 3293 2515 3349 rell.

255 3389 310 3437 et
333 3383 568 3440 editores
740 3385 777 3439 4
811 3387 992 3440 tamen
1019 3392 1147 3441 ante
1169 3402 1279 3440 non
1302 3387 1496 3441 inserit
1535 3385 1589 3441 G
1766 3386 1799 3440 5
1840 3385 2232 3456 plenitudinem
2267 3385 2343 3439 Μ
2348 3385 2379 3438 b

255 3478 289 3530 6
336 3480 620 3532 ueritatem
664 3479 741 3534 M
745 3480 802 3546 b,
864 3496 965 3535 om.
997 3481 1130 3534 νεα.
1179 3496 1300 3535 eum
1345 3481 1454 3535 ΡΤ
1486 3487 1538 3534 et
1573 3480 1694 3537 Sch.
1899 3479 2060 3549 quod]
2098 3479 2425 3534 iudicaretur
2462 3483 2519 3532 et

257 3571 386 3625 add.
435 3588 615 3628 omnes
653 3581 887 3642 praeter
931 3575 1006 3630 M
1047 3575 1180 3632 libri
1220 3591 1342 3630 cum
1376 3575 1484 3629 PT
1513 3581 1569 3628 et
1606 3575 1725 3630 Βοὴ.
1943 3575 1978 3628 8
2026 3575 2257 3628 ueritate
2301 3574 2381 3628 3¹

257 3665 415 3719 deum
461 3667 578 3722 Mb
597 3707 610 3731 ‚
677 3669 1008 3724 iudicantem
1045 3671 1164 3725 rell.
1201 3686 1323 3724 cum
1357 3669 1466 3725 ,ΡΤ
1487 3675 1538 3724 et
1562 3669 1683 3726 Βοὴ.
1890 3669 2124 3722 iudicare
2158 3669 2309 3734 ΕΜ,
2379 3667 2518 3720 iudi-

255 3761 366 3814 cari
401 3761 520 3814 rell.
557 3766 611 3816 et
646 3761 766 3818 Βοὴ.
783 3802 796 3828 ,
857 3764 1031 3818 uideri
1078 3763 1142 3818 Β*
1349 3778 1454 3832 quo
1499 3763 1574 3818 M
1581 3763 1614 3818 b
1638 3763 1785 3830 Βοὴ,
1846 3779 1951 3832 qua
1994 3764 2109 3818 rell.
2320 3762 2355 3816 9
2400 3761 2513 3830 nec]

254 3857 311 3907 et
361 3869 471 3910 non
521 3855 811 3910 ABDEF
829 3857 952 3914 Βοὴ.
1179 3858 1246 3912 10
1297 3857 1448 3912 fallit
1499 3858 1571 3912 M
1578 3858 1611 3912 b
1841 3859 1904 3912 11
1957 3858 2100 3926 quod
2152 3858 2225 3911 M
2235 3857 2295 3921 b,
2356 3870 2515 3925 quam

252 3949 370 4004 rezi.
417 3955 470 4004 et
515 3951 637 4006 sch
793 3952 797 3954 ·
854 3951 1139 4006 conabitur
1183 3952 1322 4018 Mb,
1381 3951 1585 4006 labitur
1631 3953 1747 4007 reu.
1796 3935 1849 4007 οι·
1894 3952 2014 4007 Βοὴ.
2225 3951 2290 4006 13
2342 3965 2515 4004 essen-

253 4036 336 4091 cifi’.
387 4039 442 4090 et
507 4037 558 4092 G
831 4037 1082 4108 nihilum]
1137 4038 1450 4092 ministrum
1493 4055 1538 4106 p
1817 4039 1885 4092 14
1936 4038 2203 4092 contraria
2256 4035 2378 4090 Βοὴ.

255 4124 320 4178 16
357 4124 491 4178 sinit
524 4125 664 4189 Mb,
723 4127 870 4180 sinat
903 4123 1024 4183 rell.
1063 4131 1116 4180 et
1152 4125 1274 4180 Βοὴ.
1466 4126 1531 4180 17
1569 4125 1753 4194 simul]
1791 4126 1932 4178 siout
1976 4123 2023 4179 0
2192 4122 2290 4176 hoo
2334 4123 2379 4179 Ο

256 4210 321 4263 18
355 4211 412 4263 in
450 4225 551 4279 om.
580 4227 626 4278 p
832 4209 900 4264 19
945 4211 1254 4279 incorporea
1287 4211 1418 4264 libri
1443 4216 1673 4278 praeter
1714 4210 1931 4265 EUM
2130 4209 2517 4278 incorpoream]

255 4310 309 4348 se
353 4295 483 4350 add.
535 4297 589 4352 G
613 4297 733 4352 Βοὴ.
941 4296 1012 4350 20
1055 4295 1219 4350 dubie
1262 4297 1335 4350 M
1345 4298 1403 4362 b,
1463 4296 1627 4350 dubio
1672 4294 1756 4349 Ε2
1960 4293 2132 4349 eredit
2178 4309 2246 4348 ex
2280 4293 2515 4348 decreuit

253 4380 346 4447 M,
407 4381 580 4436 eredit
615 4382 646 4436 b
851 4384 934 4436 est
969 4382 1078 4436 Mb
1283 4383 1349 4436 21
1386 4397 1513 4450 ergo
1549 4397 1650 4439 om.
1687 4380 1919 4436 ABDF
