3175 5050
681 423 772 491 52
1455 420 1825 478 Claudiani
1858 420 2178 477 Mamerti

683 612 1070 695 quorundam
1129 611 1355 679 referre
1414 613 1565 679 dicis
1628 612 1993 679 arbitrium:
2055 611 2164 696 qui
2209 612 2266 677 si
2311 611 2780 693 arbitrantium,
2824 614 2931 679 hoe

677 718 774 784 est
803 716 1227 784 dubitantium
1267 717 1546 799 sequitur
1575 715 1738 784 forte
1766 715 2157 793 sententiam,
2204 734 2343 781 cum
2377 715 2659 781 eiusdem
2694 714 2924 804 (quo)-

685 838 804 903 que
863 820 937 883 tu
994 836 1267 901 sequare,
1329 838 1590 901 eumque
1650 836 1771 887 non
1828 818 1952 888 nisi
1998 819 2073 885 ab
2118 818 2480 904 ignorantia
2522 818 2933 900 proficiscatur

683 922 970 989 dubietas
1029 922 1410 1004 arbitrantia,
1471 941 1735 1005 agnosce
1794 926 1855 988 te
1909 923 2084 988 nobis
2130 922 2565 1005 quaerentibus
2611 923 2933 987 ueritatem

683 1044 797 1109 pro
842 1044 969 1093 una
1011 1044 1200 1109 quam
1241 1026 1559 1112 polliceris
1626 1026 1891 1093 scientia
1952 1025 2297 1092 multorum
2340 1024 2717 1092 nescientias
2762 1026 2933 1091 adtu-
2967 1042 2989 1084 ⁵
3077 1048 3078 1061 2

681 1129 851 1195 lisse.
928 1148 1076 1194 nam
1123 1146 1268 1193 cum
1314 1130 1487 1213 quasi
1532 1127 1970 1212 probatissimo
2013 1128 2377 1195 testimonio
2422 1128 2555 1195 eius
2586 1128 2803 1206 utaris,
2837 1129 2935 1210 qui

683 1233 758 1297 de
826 1231 914 1299 eis
982 1231 1304 1312 dubitans,
1372 1249 1634 1313 quorum
1688 1230 2068 1300 testimoniis
2140 1232 2362 1312 utitur,
2422 1250 2525 1297 eos
2583 1230 2933 1297 dubitantes

684 1334 911 1415 adfert,
959 1352 1112 1419 quos
1158 1336 1352 1401 testes
1375 1335 1659 1414 adhibet,
1708 1334 1857 1417 quid
1896 1338 1963 1399 te
2005 1352 2189 1416 >posse
2232 1335 2636 1419 pronuntiare
2680 1352 2933 1399 censen-

684 1441 836 1504 dum
895 1438 1011 1518 est,
1069 1438 1178 1521 qui
1213 1438 1293 1503 ab
1339 1436 1607 1504 auctoris
1628 1438 1750 1503 ·-tui
1794 1437 2141 1505 dubitantis
2186 1440 2437 1505 auctore
2468 1434 2672 1503 dubio
2716 1437 2935 1503 tertius

681 1544 816 1626 ipse
858 1540 986 1607 iam
1032 1541 1278 1609 dubitas
1293 1540 1328 1607 ?
2951 1560 2992 1601 ιο
3077 1574 3078 1627 1

1728 1760 1891 1850 XII.

681 1952 870 2013 QVOD
913 1951 1382 2004 Pmnsopnos
1417 1952 1570 2003 NON
1600 1952 2051 2007 .mTELLEGnN
2054 1952 2087 2001 S
2132 1952 2397 2006 GLQBOS
2438 1952 2745 2006 SIDERVM
2775 1952 2937 2001 0012-

679 2054 987 2105 PORATOS
1041 2055 1358 2105 -SPml-Tvs
1421 2055 1849 2107 ARBITRATVS
1916 2055 2019 2103 81'1·
2083 2056 2171 2106 Etr
2236 2054 2549 2113 ARGELOS
2628 2054 2939 2107 CORPORA

1515 2158 1675 2209 ESSE
1720 2159 2110 2210 DECERNAT.

768 2276 949 2343 Istud
1009 2296 1120 2363 ego
1179 2281 1390 2344 tamen
1447 2278 1848 2361 philosophos
1909 2279 2151 2361 reperio
2194 2280 2416 2359 dicere,
2471 2278 2580 2361 qui
2624 2276 2936 2345 nonnullis
2954 2300 2993 2341 ιε»

685 2380 1208 2465 disputationibus
1264 2382 1597 2448 adstruunt
1640 2382 1705 2447 et
1747 2382 1917 2465 ipsos
1961 2382 2145 2448 lunae
2173 2382 2277 2465 uel
2307 2380 2455 2448 solis
2486 2380 2707 2467 globos
2736 2380 2937 2447 incor-

683 2486 887 2570 poreis
931 2482 1226 2552 uidelicet
1270 2486 1593 2570 spiritibus
1639 2486 1755 2553 sub
1800 2485 2017 2553 diuina
2060 2486 2329 2570 quadam
2375 2486 2587 2552 mente
2630 2481 2933 2570 uegetari.

683 2589 791 2656 sed
849 2591 1094 2672 oportet
1153 2605 1450 2674 agnoscas
1491 2589 1625 2656 boc
1682 2589 1848 2656 idem
1906 2589 2337 2656 testimonium
2394 2607 2520 2655 non
2578 2589 2787 2654 solum
2834 2605 2938 2670 pro

684 2693 997 2759 sententia
1037 2695 1148 2758 tua
1192 2695 1407 2759 contra
1450 2711 1562 2759 nos
1608 2693 1793 2775 nihil,
1835 2697 1945 2761 sed
1992 2693 2288 2759 aduersus
2322 2693 2586 2760 eandem
2614 2688 2937 2774 pro-nobis
3077 2763 3078 2768 ,

683 2795 892 2862 ualere
949 2795 1312 2878 plurimum.
1390 2797 1551 2879 quod
1610 2812 1680 2861 eo
1741 2795 1863 2863 tibi
1912 2796 2177 2880 accidit,
2239 2795 2387 2881 quia
2443 2793 2935 2878 philosophicam
2950 2819 2990 2861 ιο

681 2918 809 2966 non
874 2897 1295 2984 intellegendo
1362 2899 1739 2970 sententiam
1801 2899 1963 2966 illud
2032 2917 2143 2983 pro
2210 2900 2319 2964 tua
2388 2898 2689 2966 uidelicet
2750 2897 2935 2981 parte

682 3003 964 3085 posuisti,
1012 3003 1176 3086 quod
1220 3004 1406 3086 probe
1448 3005 1845 3070 intellectum
1888 3021 2011 3070 non
2037 3003 2161 3069 nisi
2190 3002 2421 3069 nostris
2453 2999 2935 3087 tantum-possit

685 3105 970 3190 partibus
1014 3106 1365 3190 suffragari.
1439 3107 1494 3173 si
1551 3106 1720 3174 enim
1766 3125 2086 3190 corporeos
2128 3106 2387 3190 spiritus
2430 3125 2565 3174 esse
2608 3103 2935 3180 dixissent,

788 3361 816 3416 1
854 3361 1010 3430 quasi
1054 3359 1157 3417 06²
1325 3361 1360 3415 2
1394 3377 1516 3418 cum
1551 3377 1653 3417 om.
1688 3363 1744 3418 A
1918 3362 2153 3417 eiusdem
2188 3376 2397 3431 quoque
2417 3360 2645 3430 scripsi,
2703 3357 2938 3414 eiusdem

682 3453 788 3516 que
820 3445 937 3512 135¹,
992 3446 1272 3516 eodemque
1305 3448 1403 3515 Μ,
1459 3447 1642 3502 eodem
1667 3463 1871 3519 quoque
1906 3448 1953 3516 b,
2009 3447 2208 3502 eisdem
2234 3461 2439 3517 quoque
2472 3445 2547 3514 D,
2598 3445 2941 3513 eiusdemque

681 3533 800 3589 rell.
813 3571 828 3598 ,
899 3532 1066 3588 eidem
1109 3550 1320 3604 quoque
1367 3534 1489 3590 Βοὴ.
1503 3575 1518 3600 ,
1589 3534 1769 3590 eodem
1812 3550 1881 3590 ne
1923 3549 2129 3604 quoque
2174 3534 2263 3588 uel
2307 3532 2487 3587 eodem
2522 3547 2691 3601 neque
2724 3529 2944 3586 mamult

682 3619 982 3676 Harteliue
1150 3621 1185 3674 3
1219 3636 1438 3691 sequare
1471 3621 1627 3687 E’G,
1678 3636 1900 3690 sequere
1922 3620 2039 3678 rell.
2066 3624 2118 3675 et
2142 3617 2376 3678 editores
2546 3619 2584 3673 4
2618 3617 2940 3687 agnoscente

681 3705 763 3771 B,
822 3707 1145 3792 agnoscente
1180 3707 1266 3772 H,
1323 3709 1566 3777 agnoscis
1601 3709 1656 3760 te
1692 3705 1840 3771 Sola,
1900 3704 2175 3774 agnoscite
2209 3702 2333 3762 138¹
2544 3703 2581 3756 5
2626 3718 2735 3772 qua
2778 3700 2944 3758 BGD

683 3809 790 3867 Rs·
981 3809 1014 3863 6
1049 3811 1204 3864 utare
1241 3809 1294 3865 G
1489 3809 1520 3864 7
1555 3807 1775 3864 dubitat
1814 3808 1867 3865 G*
2061 3808 2261 3879 utitur]
2296 3809 2353 3864 et
2388 3806 2519 3862 add.
2554 3805 2686 3862 libri
2712 3811 2942 3875 praeter

685 3894 800 3950 Mb
847 3898 900 3949 et
945 3893 1096 3974 Seli„
1155 3895 1222 3948 ut
1265 3891 1395 3949 add.
1442 3893 1500 3950 R
1703 3895 1738 3950 8
1790 3893 2128 3964 pronuntiari
2182 3892 2230 3948 S
2424 3892 2459 3946 9
2511 3892 2641 3960 quia
2690 3892 2766 3946 M
2772 3893 2807 3946 b

685 3980 754 4034 15
787 3978 914 4034 stud
937 3978 1006 4040 ,R
1177 3979 1525 4050 philosophus
1560 3978 1687 4036 06¹
1857 3981 2095 4050 repperio
2129 3977 2234 4036 Rs
2416 3978 2483 4033 16
2517 3975 2713 4046 globus
2748 3977 2809 4035 R

685 4099 747 4155 in
781 4101 1042 4170 corporeis
1077 4100 1110 4154 b
1249 4100 1312 4154 17
1337 4100 1564 4169 adrigari
1587 4098 1646 4155 R
1784 4100 1849 4155 18
1874 4101 2109 4170 oportet]
2144 4102 2210 4155 ut
2230 4098 2362 4154 add.
2386 4098 2434 4164 b,
2487 4063 2699 4168 oportet
2734 4095 2811 4151 M

681 4202 781 4257 pro
833 4186 1120 4258 sententia]
1171 4188 1384 4257 psentia
1434 4187 1492 4243 R
1697 4187 1763 4241 19
1814 4185 1929 4258 sed]
1987 4187 2153 4242 etiam
2206 4185 2336 4242 add.
2382 4186 2451 4256 ρ’
2658 4181 2939 4237 aduersum

685 4271 911 4328 HLRS
1093 4273 1164 4328 20
1198 4274 1402 4329 accedit
1436 4271 1831 4330 ABDEFPR
2023 4271 2091 4327 23
2126 4270 2393 4342 partibus]
2430 4285 2527 4341 par
2562 4267 2619 4326 R
2806 4263 2939 4333 esse]

683 4357 996 4429 philosophi
1029 4357 1156 4414 add.
1193 4357 1250 4426 b,
1302 4358 1460 4415 uncis
1493 4358 1620 4417 incl.
1656 4357 1907 4414 Salienus
2644 4349 2651 4354 ’
