3175 5050
1343 413 1691 484 Epistula.
2598 413 2645 480 5

372 625 484 673 cre
519 609 832 686 nascatur,
879 623 1034 674 uoce
1065 623 1205 674 esse·
1228 605 1544 688 posterius
1572 623 1698 670 non
1731 604 2052 688 probatur.
2122 606 2287 689 ignis
2320 605 2383 670 et
2413 607 2637 674 caloris

376 709 650 776 indiuisa
715 707 1012 776 societas:
1080 708 1190 776 sed
1249 728 1394 774 cum
1464 709 1637 774 calor
1697 708 2127 776 indubitanter
2182 729 2255 776 ex
2308 709 2452 796 igne
2506 729 2641 778 esse

373 812 801 897 intellegatur,
847 814 1063 880 tamen
1099 811 1264 896 ignis
1297 829 1695 894 nequaquam
1726 812 1930 877 calore
1958 829 2069 878 suo
2099 812 2269 895 prior
2298 830 2433 878 esse
2462 811 2639 880 dino-

376 916 594 982 scitur.
669 933 805 981 ecce
851 933 1005 992 rem,
1064 933 1222 997 quae
1271 916 1566 980 exsistere
1612 915 1865 982 uidetur
1900 933 1970 980 ex
2015 914 2149 998 illa,
2195 918 2261 980 et
2302 918 2515 982 tamen
2560 917 2638 997 ei,

325 1040 358 1082 s
375 1019 454 1084 de
497 1037 620 1102 qua
662 1018 927 1094 exsistit,
975 1019 1106 1083 sine
1150 1018 1285 1084 ulla
1329 1019 1630 1100 temporis
1674 1017 2114 1084 intercessione
2160 1018 2493 1086 coniuncta
2526 1022 2639 1086 est.

461 1138 622 1205 Cum
653 1143 882 1206 ›autem
927 1143 1005 1206 ad
1051 1142 1236 1206 deum
1282 1139 1595 1220 uenimuS,
1644 1138 1761 1205 hoc
1791 1141 1889 1204 est
1918 1141 2191 1224 genitus,
2237 1139 2397 1222 quod
2428 1140 2635 1206 iustus

374 1245 441 1308 et
496 1242 760 1322 iustitia,
819 1244 1069 1325 sapiens
1127 1246 1190 1307 et
1248 1242 1580 1326 sapientia,
1644 1242 1997 1307 misericors
2055 1244 2118 1306 et
2188 1242 2631 1309 misericordia.

371 1347 658 1412 absolute
702 1365 775 1410 ex
820 1349 930 1410 dee
977 1345 1141 1410 iusto
1187 1349 1372 1427 atque
1415 1346 1699 1428 sapiente
1728 1346 2071 1410 secundum
2100 1346 2454 1428 apostolum
2482 1347 2633 1412 eriri

373 1449 804 1532 intellegimus
872 1450 1185 1516 iustitiam
1242 1454 1430 1533 atque
1488 1448 1883 1530 sapientiam,
1944 1451 2008 1513 et
2068 1447 2229 1514 sicut
2285 1467 2627 1532 numquam

303 1576 356 1617 ιο
371 1555 574 1618 iustus
625 1554 758 1620 sine
810 1550 1081 1632 iustitia,
1125 1571 1468 1636 numquam
1513 1551 1763 1634 sapiens
1820 1553 1955 1618 sine
1996 1552 2303 1634 sapientia
2348 1552 2490 1633 fuit,
2536 1556 2631 1618 ita

369 1655 541 1722 filius
585 1675 658 1722 ex
699 1659 896 1738 patre,
943 1655 1051 1722 sed
1095 1673 1440 1737 numquam
1485 1653 1727 1740 (pater)
1771 1655 1977 1738 potuit
2022 1671 2154 1720 esse
2196 1653 2330 1722 sine
2373 1654 2524 1720 filio.

457 1775 712 1857 Absque
757 1776 944 1842 dubio
975 1775 1197 1841 Ariani
1229 1776 1609 1840 saluatorem
1642 1777 1925 1841 nostrum
1956 1791 2186 1860 negare
2218 1793 2340 1841 non
2372 1777 2623 1851 audent,

369 1878 480 1945 sed
538 1880 690 1944 dum
745 1879 1051 1944 minorem
1112 1879 1349 1953 dicunt,
1397 1878 1580 1944 deum
1628 1879 1913 1944 adserere
1958 1897 2082 1944 non
2127 1879 2405 1962 possunt.
2481 1881 2635 1944 deus

371 1982 540 2048 enim
607 1982 978 2048 naturaliter
1045 1982 1459 2064 plenitudinis
1533 1981 1843 2066 dignitate
1910 1981 2219 2058 subsistit,
2290 1983 2353 2047 et
2417 1999 2629 2048 eorum

297 2086 634 2168 uinpietas
677 2105 874 2152 unum
920 2105 986 2150 se
1031 2087 1219 2151 deum
1263 2085 1464 2152 colere
1507 2087 1713 2169 prima
1742 2084 2127 2152 confessione
2157 2086 2447 2152 testatur.
2522 2087 2633 2152 sed

369 2191 514 2272 quia
580 2190 906 2273 iuniorem,
974 2209 1083 2272 per
1139 2207 1304 2269 eum,
1363 2189 1472 2272 qui
1527 2190 1789 2272 putatur
1845 2189 2071 2267 senior,
2136 2189 2291 2256 duos
2357 2188 2511 2256 facit
2567 2194 2633 2256 et

365 2291 752 2358 soliditatem
781 2292 1046 2360 unitatis
1075 2293 1434 2358 intersecat.
1484 2311 1627 2358 nam
1676 2292 1885 2374 ipsum
1931 2309 2156 2358 nomen
2186 2293 2445 2358 minoris
2475 2292 2633 2358 alte-

367 2415 530 2471 rum,
591 2396 697 2478 qui
751 2396 863 2460 illo
907 2396 996 2462 sit
1035 2400 1255 2475 maior,
1304 2396 1599 2462 ostendit.
1681 2396 1823 2478 quis
1866 2396 1976 2460 illo
2020 2396 2357 2477 antiquior,
2405 2395 2510 2478 qui
2554 2398 2633 2462 de

365 2517 432 2565 se
461 2499 599 2581 ipse
626 2499 1020 2583 pronuntiat:
1067 2494 1212 2582 ego'
1250 2516 1416 2565 sum
1461 2503 1525 2565 A
1573 2502 1650 2565 et
1692 2499 1779 2583 Ω,
1823 2499 2123 2583 primus
2170 2500 2247 2565 et
2291 2497 2629 2565 nouissi-

293 2629 351 2671 so
367 2622 433 2669 m
448 2622 533 2667 us
549 2652 565 2679 ,
634 2603 744 2685 qui
806 2620 844 2667 a
907 2601 1154 2669 Iudaeis
1200 2606 1340 2685 quis
1405 2603 1574 2669 esset
1636 2604 2061 2688 interrogatus
2126 2602 2218 2667 ita
2284 2602 2632 2686 respondit:

365 2704 856 2789 principium
921 2706 1124 2788 quod
1190 2708 1268 2771 et
1329 2706 1609 2789 loquor
1674 2706 1937 2794 uobis,
2011 2707 2117 2788 qui
2178 2706 2453 2773 ueridica
2518 2725 2630 2789 per

362 2808 733 2892 prophetam
763 2826 916 2877 uoce
945 2808 1299 2876 confirmat:
1329 2811 1515 2876 ante
1557 2828 1675 2876 me
1716 2827 1863 2875 non
1906 2808 2070 2875 fuit
2117 2811 2307 2876 deus
2348 2811 2631 2893 etpost

364 2930 480 2978 me
541 2929 690 2977 non
749 2912 956 2979 erit?
1023 2914 1081 2981 si
1131 2916 1311 2997 pater
1365 2913 1485 2980 hoc
1541 2913 1713 2994 dicit,
1774 2914 2135 2979 inferiorem
2187 2915 2330 2996 post
2387 2930 2453 2977 se
2511 2928 2631 2978 non

363 3016 639 3097 coepisse
685 3016 1030 3097 confirmat,
1087 3016 1142 3083 si
1183 3016 1372 3096 filius,
1425 3022 1570 3083 ante
1600 3036 1665 3083 se
1697 3016 1953 3101 penitus
1984 3035 2105 3086 non
2136 3015 2328 3082 fuisse
2356 3034 2632 3101 pronun-

289 3146 348 3187 ω
365 3119 507 3185 tiat.
585 3119 661 3185 de
715 3120 832 3184 hoc
885 3119 1286 3202 propheticus
1343 3139 1546 3189 sermo
1604 3120 1927 3187 euidenter
1980 3120 2293 3187 insinuat:
2336 3118 2465 3185 hic
2510 3120 2631 3183 est

572 3348 639 3402 19
685 3346 828 3401 Esai.
877 3348 963 3413 44,
999 3351 1060 3413 63
1131 3350 1293 3419 Apoc.
1343 3351 1392 3417 1,
1429 3350 1464 3405 8
1672 3348 1734 3403 21
1787 3349 1971 3405 Ioann.
2014 3348 2064 3415 8,
2099 3349 2167 3403 25
2373 3348 2442 3402 22
2487 3344 2630 3403 Esai.

359 3433 450 3499 43,
487 3432 556 3488 10
665 3482 670 3485 .
760 3434 826 3489 25
864 3433 988 3489 Bar.
1023 3436 1077 3500 3,
1112 3434 1186 3491 36

470 3649 497 3701 1
555 3651 804 3702 nascatur
854 3647 1076 3718 scripsi,
1149 3649 1389 3703 nascitur
1441 3648 1498 3703 Z
1698 3648 1889 3703 caloris
1941 3647 2170 3717 scripsi,
2240 3646 2389 3701 calor
2439 3644 2496 3701 Z

261 3734 268 3741 '
355 3734 396 3787 4
430 3748 491 3787 ex
525 3732 643 3803 illa]
681 3734 842 3788 exilia
877 3734 934 3788 Z
1134 3736 1196 3790 11
1233 3737 1386 3803 pater
1420 3734 1637 3799 addidi,
1693 3749 1793 3788 om.
1829 3732 1886 3787 Z
2086 3733 2154 3787 12
2196 3731 2396 3787 arriani
2440 3730 2495 3784 Z

357 3818 428 3897 ¹16
461 3819 590 3888 quia
625 3819 931 3886 Hac-telius,
993 3820 1086 3889 qni
1121 3820 1178 3875 Z
1342 3826 1474 3891 post
1509 3822 1778 3875 iuniorem
1813 3834 1930 3875 uox
1959 3817 2159 3873 adserit
2181 3818 2271 3873 ael
2292 3816 2467 3873 simik
2489 3815 2627 3885 qaid

357 3906 624 3963 excidisse
686 3907 916 3963 uidetur
929 3949 941 3973 ,
1007 3908 1120 3965 nisi
1186 3906 1333 3975 forte
1392 3924 1462 3965 eoe
1519 3906 1967 3965 antecedentibus
2034 3904 2169 3961 dicit
2238 3904 2329 3960 uel
2387 3906 2627 3957 testatur

354 3998 606 4061 repetere
649 3994 994 4063 probabilius
1041 4000 1120 4049 est
1324 3996 1390 4050 19
1437 4010 1493 4049 se
1537 4010 1605 4049 ex
1650 4010 1761 4048 esse
1810 3993 1865 4047 Z
2061 3992 2179 4059 ipso
2224 3989 2487 4047 canisius

356 4076 470 4131 alfa
524 4081 581 4132 et
631 4094 662 4133 ο
714 4078 786 4145 Ζ,
857 4078 1020 4148 alpha
1069 4082 1128 4133 et
1180 4094 1367 4149 omega
1427 4077 1691 4137 canisius
1906 4076 1976 4133 20
2027 4091 2063 4130 a
2109 4075 2331 4145 scripsi,
2404 4072 2551 4129 cum'
2580 4068 2634 4127 Z

365 4162 624 4219 Canisius
827 4163 998 4219 iudeis
1041 4166 1096 4219 Z
1298 4164 1420 4234 quis
1464 4164 1685 4233 scripsi,
1745 4163 1837 4233 qui
1886 4162 1939 4217 Ζ
1959 4161 2215 4219 canisius
2422 4175 2535 4215 esse
2576 4158 2629 4213 Z

357 4249 608 4317 (uidetur
657 4251 924 4305 librarius
969 4251 1268 4306 coniuncta
1309 4266 1442 4307 uoce
1485 4248 1838 4306 antecedente
1883 4248 2091 4318 quiesse
2136 4246 2485 4315 intellexisse)

357 4337 426 4391 21
462 4335 692 4391 uiridica
726 4338 781 4391 Z
983 4337 1052 4391 24
1086 4337 1300 4407 penitus
1337 4337 1390 4392 Z
1589 4336 1784 4391 fuisset
1819 4334 2075 4393 canisius
