3175 5050
632 436 756 501 112
1392 429 1762 485 Claudiani
1798 429 2115 484 Mamerti

630 625 790 690 nihil
836 623 1002 688 enim
1049 623 1327 687 creatum
1367 640 1479 703 per
1514 640 1580 686 se
1624 639 1930 705 magnum
1989 625 2104 700 est,
2164 621 2275 686 sed
2320 639 2391 685 ex
2436 619 2698 686 minoris
2742 638 2880 686 con-

629 728 970 813 paratione·
1016 744 1321 810 magnum
1389 724 1630 806 aliquid
1697 725 1943 790 dicitur.
2018 724 2165 790 hinc
2230 725 2327 788 est
2393 725 2558 806 quod
2610 727 2883 788 montem

629 851 896 916 paruum
941 829 1206 894 dicimus
1252 833 1315 893 et
1360 829 1595 911 grande
1639 828 1911 904 milium,
1972 828 2279 910 grandem
2324 844 2568 909 quoque
2612 845 2885 892 muscam

629 937 694 1000 et
736 938 959 1002 bouem
1030 952 1317 1016 paruum.
1394 952 1535 998 cum
1595 952 1741 998 uero
1800 932 1877 997 ad
1936 935 2140 1016 ipsam
2206 931 2573 997 creatricem
2638 930 2885 996 uenitur

629 1038 1152 1124 magnitudinem,
1199 1038 1345 1120 quia
1381 1037 1699 1118 conparari
1741 1055 1862 1100 non
1891 1038 2119 1117 potest,
2168 1054 2282 1100 nec
2310 1035 2513 1100 maior
2542 1051 2657 1100 nec
2685 1033 2885 1098 minor
2924 1061 2944 1099 5

631 1149 749 1208 est.
829 1143 917 1207 sic
962 1142 1025 1205 et
1067 1141 1136 1204 in
1179 1139 1276 1206 his
1308 1139 1761 1224 principalibus
1793 1140 2011 1218 formis
2042 1141 2201 1204 ratio
2230 1158 2343 1221 par
2374 1143 2489 1217 est,
2522 1155 2677 1220 quas
2703 1137 2885 1202 Plato

629 1247 802 1312 ideas
847 1244 1146 1310 nominat.
1222 1260 1370 1308 nam
1415 1245 1752 1308 secundum
1788 1243 2049 1307 eandem
2080 1242 2428 1325 quadrandi
2458 1244 2666 1325 legem
2698 1241 2888 1306 fabri-

631 1367 843 1416 camus
902 1352 964 1414 et
1017 1347 1386 1431 quadratam
1453 1346 1735 1411 tabulam
1794 1350 1858 1410 et
1902 1347 2107 1410 forum
2177 1349 2572 1429 quadratum,
2644 1348 2707 1410 et
2750 1363 2891 1410 cum

629 1453 840 1519 forum
884 1451 1087 1518 maius
1133 1451 1509 1532 quadratum
1555 1449 1660 1527 sit,
1709 1466 1832 1514 non
1877 1452 2085 1514 tamen
2132 1450 2336 1534 magis
2367 1451 2743 1531 quadratum
2774 1451 2887 1514 est.

629 1557 774 1621 hinc
819 1557 1022 1639 capias
1068 1555 1310 1636 oportet
1367 1552 1673 1618 indicium
1715 1552 1888 1616 illius
1934 1570 2057 1616 non
2116 1555 2294 1634 pensi
2352 1553 2643 1634 ponderis
2688 1555 2750 1617 et
2794 1554 2890 1618 in-
2906 1579 2949 1618 10

631 1657 1067 1724 mensurabilis
1096 1675 1422 1722 mensurae
1453 1657 1517 1720 et
1546 1654 2023 1720 innumerabilis
2055 1658 2320 1732 numeri,
2354 1674 2513 1738 quae
2545 1656 2672 1720 tria
2700 1655 2891 1720 simul

634 1764 998 1845 aequiterna
1062 1780 1303 1843 semper
1367 1760 1699 1825 indiuidua
1754 1759 1981 1841 ubique
2029 1763 2091 1824 et
2134 1760 2509 1842 ubicumque
2552 1763 2687 1823 tota
2731 1777 2891 1824 unus

632 1868 781 1932 deus
833 1869 998 1930 sunt.

717 1985 941 2051 Omnia
985 1985 1218 2051 etenim
1267 2004 1538 2068 corpora,
1586 1983 1809 2067 quibus
1857 1985 2127 2067 quidque
2184 1986 2289 2050 uel
2343 2001 2747 2048 numeramus
2792 1985 2894 2049 uel

633 2091 959 2174 pendimus
1003 2089 1106 2154 uel
1149 2089 1467 2171 metimur,
1545 2092 1609 2152 et
1667 2089 2079 2154 numerabilia
2137 2089 2289 2153 sunt
2345 2089 2413 2153 et
2469 2086 2949 2169 ponderabiliam

633 2195 697 2259 et
751 2192 1224 2258 mensurabilia.
1297 2210 1448 2257 nam
1506 2196 1569 2256 et
1626 2192 1906 2257 numeris
1962 2195 2028 2258 in
2087 2192 2441 2275 corporibus
2516 2193 2727 2256 certus
2798 2193 2895 2257 est

632 2298 853 2362 modus
919 2300 984 2362 et
1048 2295 1366 2380 pondiculi
1423 2295 1701 2361 trutinae
1746 2300 1986 2361 certum
2032 2299 2128 2362 est
2171 2296 2413 2379 pondus
2458 2299 2521 2360 et
2565 2299 2893 2378 decempe-

635 2403 749 2466 dae
794 2404 964 2466 certa
1005 2417 1303 2464 mensura
1349 2402 1463 2478 est,
1539 2419 1576 2465 a
1622 2398 1801 2464 cuius
1860 2399 2299 2483 magnitudine
2342 2401 2405 2464 et
2447 2399 2611 2465 citra
2663 2399 2894 2464 recurri

631 2505 780 2571 licet
845 2523 1041 2588 usque
1097 2504 1175 2567 ad
1225 2503 1444 2569 uncias
1501 2504 1565 2569 et
1623 2504 1969 2571 semuncias
2026 2508 2093 2569 et
2146 2523 2344 2587 usque
2400 2506 2477 2572 ad
2536 2503 2895 2581 minimum,

633 2608 793 2675 citra
835 2609 1000 2689 quod
1043 2606 1204 2672 nihil
1249 2607 1362 2683 est,
1411 2608 1474 2671 et
1517 2608 1691 2673 ultra
1734 2610 1890 2673 item
1933 2608 2226 2691 progredi
2270 2627 2465 2691 usque
2510 2610 2589 2673 ad
2618 2607 2951 2673 maximam

634 2714 698 2777 et
741 2711 938 2792 ipsius
975 2727 1216 2792 quoque
1260 2710 1482 2775 mundi
1525 2712 1845 2777 inaccessa
1888 2731 2052 2776 nunc
2096 2710 2379 2777 sensibus
2421 2712 2647 2794 spatia.
2707 2712 2896 2778 habet

636 2816 803 2881 enim
850 2818 1092 2880 certum
1137 2813 1590 2895 magnitudinis
1621 2816 1876 2881 modum
1909 2814 2210 2898 quidquid
2240 2814 2425 2881 finale
2454 2819 2567 2881 est.
2636 2815 2893 2899 proinde

635 2917 856 2983 mundi
911 2920 1106 3009 moles
1161 2919 1475 2996 uniuersa,
1542 2918 1837 3000 quoniam
1898 2938 1970 2983 ex
2026 2920 2220 2984 finitis
2279 2923 2375 2983 est
2420 2924 2719 3003 conpacta
2764 2938 2895 2985 cor-

634 3021 908 3105 poribuS,
958 3022 1182 3105 quippe
1227 3040 1370 3087 cum
1417 3022 1686 3087 alterum
1719 3042 1937 3105 corpus
1980 3022 2163 3087 alteri
2208 3022 2396 3089 finem
2426 3022 2643 3101 faciat,
2682 3022 2897 3106 procul

739 3311 766 3364 1
807 3326 906 3383 sup
943 3326 998 3363 se
1035 3309 1089 3363 L
1295 3310 1328 3364 6
1362 3311 1420 3363 in
1457 3326 1557 3365 om.
1595 3310 1650 3366 R
1856 3326 1983 3379 pars
2018 3311 2320 3368 AB¹CGR
2526 3313 2557 3365 7
2596 3312 2895 3381 quadrandi

635 3397 703 3451 M
718 3397 776 3459 b,
837 3396 1088 3465 quadrati
1138 3396 1258 3451 rell.
1303 3401 1355 3450 et
1391 3396 1510 3450 Βοὴ.
1720 3398 1753 3450 9
1806 3395 2001 3466 forum]
2055 3397 2381 3465 quadratum
2434 3400 2490 3451 et
2544 3414 2665 3453 cum
2720 3398 2896 3453 forum

633 3482 764 3537 add.
820 3482 866 3537 Ο
1067 3482 1388 3550 quadratum
1434 3482 1605 3535 maius
1652 3480 1975 3549 ABDE1F,
2034 3482 2361 3551 quadratum
2408 3486 2585 3538 maius
2632 3486 2897 3555 quadrum

632 3570 688 3623 R
894 3566 1159 3635 quadrum
1203 3567 1369 3621 HLS
1569 3568 1834 3637 quadrum
1880 3568 2002 3625 Βοὴ.
2212 3571 2280 3624 14
2322 3570 2615 3639 quidquam
2652 3572 2733 3627 G'
2757 3572 2896 3636 Sch,

633 3670 938 3723 quanquam
976 3654 1036 3722 b,
1090 3654 1348 3722 quicquid
1379 3670 1448 3722 p,
1501 3654 1728 3723 quicque
1765 3670 1832 3709 ex
1868 3658 2152 3726 quicquam
2186 3654 2248 3709 D
2420 3674 2667 3711 numeras
2702 3660 2760 3715 R

633 3742 698 3795 15
723 3744 778 3795 et
801 3747 933 3795 amte
954 3739 1314 3795 numerabilia
1335 3756 1436 3794 om.
1466 3740 1729 3796 Galland.
1885 3758 2107 3795 numera
2133 3744 2347 3810 (omisso
2369 3743 2509 3799 bilia
2532 3748 2679 3812 sunt)
2704 3746 2761 3800 A

633 3830 699 3881 16
733 3828 970 3883 numeris
1007 3827 1100 3894 M,
1156 3843 1406 3881 numerus
1442 3828 1499 3894 b,
1554 3828 1769 3882 numeri
1800 3828 1918 3883 rell.
1944 3833 1994 3884 et
2018 3828 2133 3884 Βοὴ.
2331 3831 2395 3883 17
2433 3830 2707 3899 pendiculi
2740 3830 2894 3894 st,

629 3932 970 4001 pondiusculi
992 3932 1048 3985 A
1185 3930 1430 3984 trucinae
1453 3932 1524 3996 A,
1559 3932 1798 3986 trotinae
1823 3932 2007 3987 6H¹R
2142 3932 2351 4001 pondus
2375 3936 2461 3987 est
2482 3932 2771 3989 ABDEF

633 4017 942 4121 decempedis
977 4051 1026 4107 S
1228 4053 1295 4106 18
1331 4023 1472 4105 certo
1512 4050 1559 4105 S
1759 4052 1895 4107 citro
1932 4051 2258 4107 HLMRSb
2467 4054 2533 4107 19
2576 4056 2895 4110 semiuncias

631 4174 708 4227 M
749 4172 1010 4241 editores,
1073 4174 1391 4228 semiuntias
1441 4174 1560 4230 ΒΕ
1765 4174 1835 4227 20
1886 4174 2027 4229 citro
2081 4174 2190 4229 Mb
2396 4175 2465 4229 21
2519 4148 2667 4231 mai
2718 4175 2769 4230 s

631 4278 876 4332 censibus
905 4282 974 4347 29²
1164 4278 1235 4332 22
1269 4278 1503 4347 modum]
1541 4278 1778 4347 pondum
1811 4278 1863 4331 R
2050 4278 2119 4332 23
2155 4278 2312 4333 molis
2347 4278 2759 4337 ABGH‘MRb

631 4366 936 4433 comparata
979 4364 1026 4420 Ο
