3175 5050
1005 1222 1957 1336 PRAEFATIO.

1383 1465 1586 1474 ...η-

663 1643 719 1726 1.
785 1611 917 1726 'DE
971 1639 1453 1727 coniersvs
1513 1641 1631 1724 ET
1682 1639 2300 1726 EDITIoNIBvs

445 1827 568 1924 Ad
605 1859 1028 1925 adornandam
1060 1858 1220 1925 hanc
1251 1857 1576 1924 Claudiani
1604 1858 1897 1924 Mamerti
1928 1857 2259 1924 editionem
2288 1859 2607 1924 duodecim

363 1967 619 2034 adhibui
649 1968 843 2033 libros
873 1968 1356 2051 manuscriptos,.
1373 1986 1635 2050 quorum
1665 1967 2137 2050 descriptionem
2166 1968 2379 2051 paucis
2402 1968 2603 2034 absol-

359 2090 503 2136 uere
545 2071 692 2136 licet
742 2071 978 2136 uerbis:

447 2190 649 2258 Codex
713 2191 1032 2256 Parisinus
1094 2192 1331 2258 latinus
1391 2209 1484 2257 nr.
1555 2191 1783 2256 16340·
1830 2191 2241 2259 bibliothecae
2304 2192 2593 2276 publicae
2629 2193 2689 2256 A

365 2296 541 2376 (olim
586 2293 982 2376 Sorbonious)
1031 2294 1539 2360 membranaceus
1602 2294 1835 2360 formae
1876 2295 2135 2361 minoris
2179 2295 2469 2361 foliorum
2514 2299 2595 2363 81

358 2397 586 2464 litteris
631 2399 788 2463 satis
830 2397 1052 2463 nitidis
1083 2416 1244 2462 saec.
1278 2398 1478 2462 VIIII
1518 2399 1807 2462 exaratus
1848 2396 2071 2478 incipit
2114 2415 2151 2460 a
2188 2399 2602 2480 capitulorum

357 2500 562 2567 indice
604 2501 918 2567 librorum.
951 2499 1281 2567 Claudiani
1326 2501 1426 2583 (cf.
1472 2501 1578 2566 fol.
1614 2502 1703 2566 1‘:
1748 2499 2079 2581 incipiunt
2122 2501 2407 2583 capitula
2452 2502 2602 2567 libri

346 2605 574 2685 primi,
621 2606 726 2669 fol.
759 2604 852 2669 2¹³:
897 2602 1250 2685 expliciunt
1277 2604 1564 2685 capitula
1606 2602 1757 2667 libri
1786 2604 2015 2684 primi.
2060 2604 2386 2685 incipiunt
2428 2606 2601 2689 capi-

357 2708 498 2773 tula
539 2706 690 2771 libri
731 2707 989 2772 secundi
1031 2743 1118 2754 —
1161 2707 1266 2771 fol.
1312 2708 1404 2772 3¹:
1449 2706 1803 2788 expliciunt
1842 2706 2135 2789 capitula
2178 2708 2329 2773 libri
2371 2710 2596 2783 tertii).

357 2812 750 2893 subsequitur
801 2810 932 2893 (fol.
979 2810 1102 2892 3²):
1149 2809 1340 2875 huius
1383 2810 1593 2893 operis
1622 2814 1843 2877 wuctor
1869 2812 2202 2894 ignoratur
2230 2816 2385 2893 quia
2416 2813 2601 2877 tacito

355 2914 612 2979 ‘nomine
653 2914 782 2977 ista
827 2914 1192 2995 conscripsit
1235 2916 1454 2979 contra
1487 2934 1651 2995 quac
1682 2912 2087 2981 Claudianus
2118 2921 2239 2978 tres
2266 2914 2377 2979 hos
2406 2914 2597 2979 libros

354 3018 660 3083 disseruit
687 3018 792 3099 (cf.
825 3016 970 3081 edit.
1001 3034 1142 3099 pag.
1175 3017 1214 3083 8
1247 3018 1387 3083 adn.
1423 3016 1552 3099 15),
1601 3036 1757 3099 quae
1800 3018 1997 3083 uerba
2028 3018 2249 3083 Fausti
2294 3017 2599 3101 epistulae

355 3120 740 3203 praescripta
783 3123 946 3201 sunt,
993 3138 1182 3202 quam
1225 3121 1455 3203 excipit
1498 3119 1821 3186 Claudiani
1864 3139 2017 3203 opus
2062 3120 2287 3203 ipsum.
2355 3122 2425 3185 in
2468 3122 2600 3203 ipso

359 3226 650 3289 contextu
695 3221 1109 3307 capitulorum
1153 3224 1667 3307 praescriptiones
1711 3242 1836 3289 non
1882 3224 2141 3309 exstant,
2188 3224 2295 3289 sed
2334 3224 2403 3288 in
2432 3242 2597 3289 mar-

355 3327 504 3412 gine
553 3327 783 3393 litteris
830 3326 1088 3391 minutis
1142 3327 1488 3409 adscriptae
1545 3332 1712 3411 sunt,
1771 3328 1845 3391 ut
1886 3327 2157 3406 uidetur,
2203 3326 2281 3391 ab
2336 3345 2435 3405 eo,
2493 3327 2601 3409 qui

358 3430 631 3497 codicem
677 3430 976 3495 exarauit.
1045 3431 1256 3494 eodem
1299 3430 1430 3495 fere
1482 3432 1666 3495 modo
1720 3430 1908 3495 etiam
1951 3430 2018 3494 in
2063 3428 2319 3511 reliquis
2369 3430 2603 3494 codici-

355 3535 473 3598 bus
546 3532 870 3599 Glaudiani
944 3533 1178 3615 scripta
1249 3534 1483 3599 tradita
1554 3537 1719 3611 sunt,
1794 3552 1982 3616 quare
2046 3534 2115 3597 in
2182 3533 2599 3597 describendis

356 3634 671 3699 codicibus
714 3634 827 3698 ubi
872 3634 1028 3699 nihil
1075 3632 1410 3717 quidquam
1454 3633 1823 3698 adnotamus
1868 3653 1959 3713 ea,
2008 3652 2165 3716 quae
2207 3635 2276 3699 in
2328 3654 2603 3717 unoquo-

356 3756 476 3819 que
519 3738 934 3816 continentur,
984 3754 1124 3801 cum
1169 3736 1378 3801 codice
1422 3737 1481 3800 A
1525 3737 1870 3818 conspirare
1912 3738 2251 3802 tenendum
2296 3741 2411 3804 est.

441 3856 646 3923 Codex
688 3856 1009 3922 Parisinus
1053 3857 1287 3923 latinus
1330 3876 1423 3921 nr.
1457 3854 1624 3921 2779
1657 3854 1858 3939 (Oolb.
1888 3852 2079 3937 5449,
2110 3856 2265 3940 Reg.
2298 3858 2491 3938 4029,
2524 3858 2590 3940 5)
2625 3857 2677 3921 B

356 3961 859 4025 membranaceus
904 3961 1134 4025 formae
1191 3958 1449 4024 minoris
1494 3958 1785 4023 foliorum
1828 3958 1911 4024 88
1956 3977 2115 4025 saec.
2162 3958 2222 4023 X
2272 3960 2423 4025 satis
2468 3964 2594 4026 ele-

357 4064 580 4147 ganter
637 4062 904 4146 scriptus
964 4068 1028 4129 et
1084 4082 1225 4127 cum
1267 4065 1327 4127 A
1372 4062 1511 4128 arta
1565 4061 2015 4126 necessitudine
2068 4062 2435 4127 coniunctus
2482 4064 2599 4127 est.

357 4167 694 4232 recentiore
739 4168 938 4233 aetate
967 4168 1155 4232 codex
1185 4168 1566 4231 correcturas
1596 4167 1964 4231 mendorum
1992 4166 2329 4230 maximam
2358 4170 2601 4248 partem

358 4270 768 4336 leuidensium
823 4271 1052 4354 partim
1107 4273 1452 4336 atramento
1503 4270 1736 4354 partim
1778 4269 2031 4353 plumbo
2078 4268 2275 4333 factas
2320 4272 2600 4351 expertus

357 4376 468 4456 est,
517 4392 670 4455 quas
713 4374 815 4440 hic
857 4374 990 4440 illic
1032 4376 1278 4438 tantum
1324 4374 1588 4439 enotaui.

460 4492 555 4547 XI.
2365 4508 2399 4545 a
