3175 5050
643 400 734 467 30
1417 396 1787 455 Claudiani
1820 396 2137 453 Mamerti

643 592 749 655 tur
791 587 1056 662 scilicet,
1119 588 1189 651 ut
1236 583 1855 651 incontaminabilem
1901 582 2247 667 praecelsae
2290 582 2645 651 diuinitatis
2690 604 2901 652 essen-

642 693 802 757 tiam
891 688 1255 775 passibilem
1331 687 1461 753 fore
1535 687 1881 764 credamus,
1954 686 2009 751 si
2074 686 2383 753 uaticinia
2454 688 2903 770 prophetarum

641 794 993 880 allegoricis
1057 793 1332 859 animata
1389 791 1643 856 secretis
1702 790 1768 855 in
1828 790 2087 855 litterae
2136 790 2386 857 tantum
2435 808 2685 873 corpore
2730 793 2903 877 cogi-

642 904 865 964 temus.
942 898 1090 979 quia
1133 914 1277 961 cum
1323 894 1703 979 propheticis
1749 893 2011 959 oraculis
2056 894 2159 959 uel
2201 893 2385 959 irasci
2430 893 2535 959 uel
2578 894 2903 977 paenitere

644 1002 1044 1081 memoratur,
1103 998 1356 1065 effectus
1421 999 1641 1063 harum
1700 997 1997 1075 uidelicet
2055 997 2415 1080 passionum
2460 997 2901 1065 considerandi
2954 1026 2981 1064 ε

639 1104 807 1183 sunt,
866 1122 990 1169 non
1034 1103 1332 1169 adfectus.
1403 1119 1584 1184 porro
1648 1101 1757 1184 qui
1817 1101 2167 1166 neotericus
2226 1100 2494 1184 scriptor
2542 1102 2715 1169 iuxta
2754 1120 2904 1184 pro-

640 1207 925 1291 pheticae
990 1206 1321 1273 locutionis
1386 1205 1739 1287 exemplum
1795 1204 2348 1269 meditatiunculas
2408 1223 2554 1270 suas
2610 1206 2905 1271 autumat

639 1309 863 1375 debere
906 1311 1173 1392 pensari,
1220 1325 1343 1374 non
1387 1308 1797 1374 tractatorem
1842 1307 2167 1391 profitetur
2210 1326 2278 1372 se
2320 1307 2462 1387 iste,
2508 1311 2619 1373 sed
2662 1308 2905 1394 uatem,

639 1432 780 1481 cum
829 1412 1093 1498 uirginis
1137 1414 1355 1498 partus
1399 1430 1507 1477 ora
1536 1413 1756 1477 uatum
1788 1414 2188 1492 obserauerit‚
2219 1417 2292 1480 ut
2325 1410 2627 1477 uaticinia
2656 1428 2901 1477 resera-

636 1520 754 1582 ret.
815 1534 993 1582 secus
1053 1517 1249 1601 igitur
1301 1520 1395 1581 est
1456 1533 1531 1581 ac
1589 1517 1751 1581 ratio
1794 1517 2090 1598 postulat,
2136 1517 2401 1600 mystico
2446 1514 2905 1599 prophetarum
2924 1542 2981 1583 ιο

637 1619 786 1687 stilo
828 1622 1032 1686 texere
1062 1619 1344 1703 periodos
1389 1620 1705 1703 oratoriae,
1756 1637 1877 1701 quo
1921 1618 1995 1683 fit
2039 1624 2111 1685 ut
2146 1619 2258 1685 ille
2289 1620 2396 1701 qui
2426 1619 2630 1685 aliena
2658 1619 2909 1700 exposi-

635 1726 854 1789 turum
900 1741 966 1788 se
1011 1723 1294 1807 spondet,
1342 1739 1467 1787 non
1511 1722 1711 1804 possit
1756 1723 1994 1805 exponi.
2065 1721 2263 1806 igitur
2292 1723 2405 1787 aut
2430 1721 2653 1787 uatum
2680 1720 2902 1786 uerbis

633 1845 760 1893 non
815 1830 993 1891 utere
1055 1828 1169 1892 aut
1224 1827 1586 1891 uaticinare.
1640 1819 2056 1909 'nequaquam
2110 1826 2385 1909 profecto
2448 1822 2739 1889 conducit
2790 1823 2898 1889 uel

632 1928 942 2013 praesenti
986 1928 1360 1995 uaticinium
1401 1928 1667 2011 tempori
1710 1929 1814 1994 uel
1857 1927 2225 2011 prophetica
2264 1927 2496 1993 locutio
2536 1926 2897 1993 tractatori.

633 2032 924 2116 quocirca
983 2032 1284 2116 quidquid
1343 2032 1410 2097 in
1469 2031 1893 2096 defensionem
1952 2032 2049 2097 tui
2092 2050 2164 2096 ex
2206 2030 2567 2114 prophetico
2612 2048 2901 2096 sermone
2920 2057 2971 2097 ιε

633 2138 962 2201 mutuatus
1009 2153 1094 2212 es,
1141 2134 1510 2200 aduersatur
1553 2136 1674 2201 tibi
1718 2135 1927 2218 potius
1974 2154 2159 2220 quam
2204 2136 2571 2219 opitulatur,
2617 2134 2763 2218 quia
2792 2134 2903 2201 uel

634 2242 918 2322 quaesita
959 2239 1238 2327 defensio
1281 2239 1515 2305 fatetur
1558 2239 2045 2306 inbecillitatem
2086 2239 2189 2304 uel
2232 2241 2645 2322 incongruens
2680 2239 2895 2321 patro-

633 2342 866 2407 cinium
908 2361 1030 2407 non
1075 2345 1306 2427 purgat
1351 2361 1643 2409 errorem.

714 2480 1177 2548 Intemerabilis
1208 2497 1352 2566 ergo
1383 2480 1685 2548 diuinitas
1716 2480 2201 2566 haudquaquam
2234 2480 2401 2547 recte
2422 2479 2606 2548 adfici
2637 2478 2891 2560 dicitur,
3109 2557 3110 2562 η

631 2584 780 2666 quia
823 2585 1078 2650 effectus
1137 2588 1233 2650 est
1293 2585 1370 2650 ab
1417 2585 1660 2670 opifice,
1707 2583 1991 2650 adfectus
2042 2583 2112 2648 in
2156 2602 2357 2669 opere.
2432 2583 2679 2667 quando
2724 2585 2963 2654 enimn
3106 2631 3108 2663 1

630 2687 784 2751 deus
831 2687 1182 2771 quempiam
1213 2687 1641 2770 temporaliter
1671 2690 1873 2769 punit,
1918 2690 2170 2753 aeterno
2218 2685 2474 2752 consilio
2519 2686 2627 2752 ille
2672 2686 2893 2769 utique
3104 2703 3106 2741 ι

627 2789 870 2871 patitur
915 2792 1019 2873 qui
1062 2791 1332 2874 punitur.
1410 2792 1729 2873 pateretur
1774 2790 2013 2874 aliquid
2058 2791 2125 2855 et
2155 2793 2327 2869 deus,
2357 2793 2410 2856 si
2440 2791 2546 2855 uel
2575 2790 2892 2874 tempora·
3100 2775 3104 2895 ΙΙ

628 2892 776 2958 liter
819 2891 1172 2974 cuiuspiam
1201 2894 1457 2974 peccata
1489 2897 1888 2977 cognosceret
1928 2893 2034 2958 uel
2077 2897 2343 2959 eundem
2371 2893 2450 2958 ad
2480 2893 2886 2958 exercendam

627 2994 942 3061 iustitiam
997 2997 1316 3063 iracundia
1376 3001 1809 3062 commoneret.
1886 3015 2068 3062 omne
2122 2996 2355 3062 etenim
2411 2997 2889 3078 temporaneum

624 3099 856 3165 mobile
923 3100 1107 3182 atque
1181 3100 1486 3165 mutabile
1556 3098 1953 3166 inmutabilis
2026 3103 2090 3164 et
2164 3101 2339 3165 stans
2412 3098 2884 3184 sempiternitas
2905 3127 2957 3166 25

730 3405 758 3458 1
814 3405 1380 3459 incontallmiuabilem
1429 3404 1486 3460 R
1693 3405 1925 3473 precelse
1975 3405 2032 3461 R
2246 3405 2282 3457 4
2334 3405 2513 3475 irasci]
2570 3404 2699 3459 deus
2752 3405 2887 3460 add.

633 3490 688 3544 θ
926 3491 960 3545 6
1011 3490 1140 3559 quia
1194 3491 1468 3556 mma,
1527 3507 1630 3546 om.
1686 3491 1729 3546 S
1964 3491 2267 3546 neutericus
2319 3491 2757 3550 ABCDEFRS

620 3578 656 3632 8
691 3576 1003 3646 profitemur
1037 3577 1092 3630 Β
1289 3592 1344 3630 se
1378 3593 1478 3632 om.
1513 3577 1642 3632 libri
1667 3581 1900 3646 practer
1934 3577 2008 3632 M
2012 3577 2043 3631 b
2078 3583 2133 3632 ct
2167 3577 2288 3632 Sch-
2486 3578 2521 3631 9
2560 3593 2650 3632 ore
2676 3582 2749 3647 1⁹²

620 3661 954 3718 obserauerit
1005 3663 1468 3730 ABHLPRST,
1538 3663 1813 3719 obserauit
1874 3663 1950 3729 G,
2012 3663 2375 3718 obseruauerit
2436 3665 2725 3721 GDEFM
2774 3665 2886 3720 cdi-

618 3754 763 3804 tores
958 3749 1209 3804 reserarit
1244 3749 1374 3804 libri
1388 3755 1619 3818 practer
1649 3750 1826 3806 OGM
1845 3755 1898 3804 ct
1922 3749 2044 3804 δελ.
2243 3752 2304 3805 11
2344 3749 2587 3820 periodas
2623 3751 2747 3806 128¹

618 3834 879 3889 oratorios
913 3834 991 3889 M
1188 3833 1256 3888 12
1302 3835 1519 3903 spondit
1553 3836 1764 3902 MR81,
1823 3836 2108 3906 spopondit
2137 3838 2204 3906 p'
2411 3838 2475 3891 13
2522 3837 2887 3892 uaticinabere

629 3937 679 3992 G
875 3937 1127 3993 condecet
1163 3940 1238 3993 M
1236 3939 1330 3993 Pb
1536 3940 1601 3993 14
1636 3944 1910 4009 praesente
1942 3941 2076 3996 ΑΒι
2281 3940 2445 3996 uel—
2459 3942 2746 3996 tractatori
2780 3958 2883 3996 om.

619 4057 668 4113 Ο
836 4058 1043 4113 lucutio
1077 4058 1202 4113 ΕΒ*
1397 4059 1462 4114 15
1498 4075 1791 4112 sermonem
1825 4060 1882 4116 R
2074 4061 2141 4115 16
2174 4033 2417 4116 mutatus
2454 4061 2500 4116 Β
2683 4064 2750 4118 19
2782 4065 2883 4118 aut

618 4177 951 4231 nequaquam
994 4162 1051 4218 R
1256 4163 1328 4218 20
1371 4163 1450 4233 in]
1501 4162 1570 4217 ab
1613 4162 1901 4217 ABDEF
1930 4163 2054 4222 Sch.
2259 4165 2330 4219 22
2372 4167 2659 4237 pateretur]
2699 4171 2882 4223 autem

618 4247 750 4304 aad.
809 4249 862 4304 G
1085 4249 1159 4319 et]
1214 4265 1315 4305 om.
1368 4248 1670 4316 ABDEF,
1739 4250 1830 4305 det
1886 4250 1939 4306 G
2166 4251 2237 4306 24
2286 4251 2429 4306 enim
2486 4251 2749 4308 Schottus

617 4337 1096 4404 temperamentum
1126 4351 1171 4404 p
1378 4336 1445 4390 25
1485 4335 1809 4404 sempiterna
1844 4335 2065 4391 trinitas
2109 4337 2162 4393 G
