3175 5050
1008 460 1101 515 De
1135 433 1323 515 statu
1363 459 1627 514 animae
1672 459 1763 514 ΠΙ
1802 459 1886 516 14.
2454 445 2577 526 181

315 649 444 715 bile
490 648 682 715 faciat
697 648 731 716 Ρ
787 647 910 714 duo
954 648 1108 714 haec
1151 647 1222 712 in
1265 647 1597 713 uictoriam
1640 665 1863 729 nempe
1908 647 2306 727 conueniunt,
2349 648 2426 713 ut
2466 665 2579 713 au-

317 752 478 818 ctori
535 752 730 836 probo
789 769 1014 817 causae
1075 749 1354 835 probitas
1413 768 1663 833 compos
1721 750 1827 816 sit.
1902 749 2123 816 horum
2186 752 2400 817 minus
2454 767 2579 816 uno

317 855 524 922 uirtus
598 853 862 920 actionis
917 854 1301 938 infringitur,
1357 854 1412 919 si
1479 854 1644 919 desit
1708 857 2067 938 utrumque,
2114 855 2413 920 cassatur.
2486 852 2581 918 sic

320 976 486 1022 nunc
552 957 840 1040 equidem
899 958 1275 1024 obliuiosum
1331 961 1395 1022 te
1441 956 1681 1041 pariter
1740 960 1806 1023 et
1848 957 2143 1040 ignarum
2196 955 2583 1022 defensorem

277 1081 302 1120 ⁵
321 1060 553 1124 nancta
594 1058 850 1126 fallacia
891 1079 1078 1143 penes
1121 1060 1446 1125 intellectu
1477 1061 1726 1145 uigidos
1755 1078 1877 1126 non
1914 1059 2120 1126 solum
2153 1059 2314 1124 illud
2345 1057 2584 1144 negotii

321 1162 664 1240 facessiuit,
711 1167 782 1228 ut
827 1163 949 1228 tibi
993 1183 1182 1245 super
1221 1164 1322 1228 his
1367 1164 1536 1229 credi
1579 1181 1703 1229 non
1747 1166 2033 1248 oportere
2079 1163 2311 1246 pateat,
2356 1161 2464 1226 sed
2510 1161 2587 1225 ut

325 1266 580 1348 ueritas,
643 1267 746 1331 cui
799 1266 1178 1332 credendum
1221 1284 1462 1349 semper
1519 1270 1632 1345 est,
1696 1265 1921 1331 clarior
1970 1263 2422 1348 inlustriorque
2465 1261 2582 1328 sub

323 1368 696 1434 necessitate
743 1367 1069 1435 conflictus
1117 1371 1181 1435 et
1227 1369 1667 1451 conparatione
1710 1367 2017 1436 falsitatis
2061 1368 2377 1452 adpareat.

1333 1638 1573 1723 XIIII.

251 1825 307 1867 1⁰
325 1814 494 1876 QVIA
550 1814 774 1863 ANIMA
829 1815 906 1863 m
967 1811 1280 1863 CORPORE
1337 1813 1481 1862 NON
1541 1813 1862 1861 TENETVR
1916 1812 2210 1861 mOLVSA
2264 1812 2401 1860 NEC
2455 1811 2586 1860 Mo-

322 1918 552 1966 VETVR
594 1920 686 1965 DE
743 1915 924 1965 Loco
982 1917 1078 1964 AD
1136 1915 1392 1976 LOCVM,
1439 1913 1582 1964 CVM
1640 1915 2019 1964 MOVEATVR
2061 1913 2591 1964 TEMPORALITER

1173 2019 1309 2068 PER
1351 2019 1743 2068 ADFEGTVM.

409 2141 617 2225 Igitur
673 2140 1042 2222 qualitatem
1099 2139 1518 2224 quantitatem
1565 2144 1629 2204 et
1672 2139 2067 2205 localitatem
2110 2139 2359 2204 animae
2404 2137 2588 2204 datu·-

323 2263 468 2308 rum
533 2245 598 2309 te
642 2245 864 2326 sponte
929 2243 1242 2328 professus
1287 2261 1351 2308 es
1395 2261 1661 2325 moxque
1726 2242 2083 2327 subiungis:
2152 2260 2247 2325 qu
2261 2260 2295 2307 o
2360 2259 2427 2304 m
2440 2257 2477 2306 ο
2499 2240 2540 2306 d
2553 2256 2590 2305 o

256 2365 469 2414 renon
537 2346 820 2412 localis
877 2349 1014 2422 sit,
1067 2364 1258 2430 quae
1315 2349 1629 2411 inserta
1684 2344 1927 2410 memb
1945 2347 2055 2411 ris
2098 2347 2176 2410 et
2231 2343 2591 2427 inligata

323 2450 778 2515 uisceribus
864 2449 1058 2516 solis
1143 2449 1498 2515 motibus
1583 2467 1789 2533 uaga
1860 2447 2333 2514 condicione
2412 2446 2587 2510 sub-

326 2554 684 2619 stantiae
741 2556 1064 2619 tenetur
1123 2553 1479 2619 inclusa?
1529 2553 1637 2619 uix
1680 2571 1829 2619 sane
1872 2554 1946 2619 ut
1986 2552 2224 2635 aliquid
2269 2568 2591 2634 perperam

327 2655 490 2721 forte
548 2656 809 2721 sentires
861 2657 1047 2740 atque
1109 2656 1177 2722 id
1223 2657 1429 2739 ipsum
1473 2656 1610 2722 ueri
1653 2656 1861 2723 simile
1902 2655 2104 2723 uideri
2172 2653 2591 2727 contendereS,

329 2775 500 2823 error
563 2777 758 2823 unum
826 2759 1140 2824 ueniabile
1203 2759 1406 2825 facere
1463 2761 1689 2843 potest,
1752 2758 1926 2825 aliud
1985 2756 2296 2843 ignoratio
2343 2755 2592 2823 erroris,

257 2887 313 2928 ιο
329 2879 551 2925 uerum
609 2880 778 2925 nunc
834 2862 1014 2927 miris
1072 2862 1273 2927 modis
1330 2864 1546 2945 stupeo
1605 2865 1672 2927 te
1716 2863 1852 2926 tam
1909 2860 2281 2927 dissidentia
2339 2860 2595 2941 tamque

331 2965 581 3029 diuersa
639 2983 761 3029 uno
807 2966 1256 3048 propemodum
1315 2965 1627 3030 momento
1675 2967 1864 3049 atque
1907 2967 2123 3031 eodem
2166 2982 2359 3047 paene
2402 2962 2591 3027 uerbo

329 3066 592 3133 dixisse:
661 3085 840 3151 ergo
907 3068 1263 3153 inligata
1328 3067 1697 3133 membris
1768 3086 1967 3151 uaga
2033 3069 2150 3132 est
2208 3065 2588 3143 motibus,

329 3172 393 3234 et
435 3169 626 3236 item:
674 3172 1014 3237 motibus
1057 3189 1101 3236 u
1122 3167 1268 3255 a'ga
1312 3170 1725 3237 condicion
1745 3189 1778 3235 e
1823 3169 2333 3236 substantiae
2366 3173 2592 3234 tene-

537 3358 606 3413 14
641 3358 707 3413 cf.
744 3374 868 3429 pag.
907 3359 989 3424 11,
1025 3358 1060 3413 2

435 3530 466 3584 1
503 3528 732 3583 uictoria
769 3530 884 3585 Mb
1089 3528 1298 3583 auctori
1333 3528 1410 3583 M
1438 3529 1505 3583 in
1536 3534 1721 3597 textu,
1778 3528 1867 3583 uel
1900 3527 2097 3584 uictori
2130 3528 2205 3582 M
2234 3528 2299 3583 in
2332 3541 2507 3595 marg.
2544 3528 2595 3579 et

330 3614 386 3669 b·
536 3616 572 3669 2
606 3614 674 3669 fit
708 3615 764 3671 R
933 3615 1113 3670 minus
1148 3615 1336 3670 horum
1361 3616 1410 3669 si
1445 3615 1606 3680 desit,
1642 3630 1747 3669 uno
1781 3616 1961 3670 uirtus
1997 3615 2225 3670 actionis
2261 3612 2595 3682 infringitur,

331 3700 380 3753 si
415 3702 704 3771 utrumque
739 3704 982 3756 cassatur
1016 3700 1291 3757 Barthius
1460 3702 1494 3757 3
1529 3700 1889 3770 instringitur
1924 3701 1980 3757 R
2151 3702 2390 3755 cassatur
2432 3694 2597 3762 GLS,

331 3789 584 3840 causatur
616 3786 734 3841 rell.
771 3794 820 3842 et
855 3787 1114 3853 editore-e,
1172 3788 1406 3841 cessatur
1439 3789 1506 3857 ρ’
1680 3788 1729 3841 si
1762 3786 2141 3843 ABGHLRS
2316 3786 2353 3839 4
2389 3782 2596 3837 obliuio

332 3875 544 3940 sumpte
577 3872 659 3939 R,
714 3873 1044 3928 obliuillsilte
1083 3873 1129 3928 S
1303 3874 1552 3943 ignorum
1584 3873 1643 3930 R
1823 3876 1858 3929 5
1891 3876 2050 3929 nacta
2082 3872 2312 3929 ΒΕΓΖ
2346 3870 2597 3934 editores,

329 3959 528 4013 nallcta
548 3958 790 4015 BHMS
951 3960 1260 4015 intellectus
1285 3960 1409 4017 Βοὴ.
1581 3960 1785 4030 rigidos
1812 3978 1859 4030 p
2031 3959 2311 4029 negotium
2336 3956 2460 4013 Βοὴ.

331 4046 366 4101 6
401 4062 608 4114 semper
639 4046 674 4101 b
865 4046 932 4101 15
965 4046 1128 4101 locali
1149 4047 1206 4103 R
1396 4047 1479 4101 est
1514 4048 1717 4117 leyitwr
1748 4047 1906 4115 apud
1939 4046 2219 4101 Faustum
2414 4042 2478 4097 17
2504 4042 2599 4095 uix

329 4131 588 4187 DE¹FP
608 4130 752 4197 Sela,
807 4131 894 4185 uis
925 4131 1002 4185 M
1008 4131 1067 4193 b,
1117 4132 1206 4185 uir
1239 4132 1358 4189 rell.
1394 4148 1517 4187 cwm
1555 4133 1609 4187 T
1802 4130 2067 4201 perferam
2101 4130 2214 4187 Mb
2412 4128 2479 4183 18
2515 4127 2600 4180 ui-

329 4218 558 4273 risimile
610 4219 669 4274 R
874 4218 942 4273 19
996 4216 1297 4272 uenerabile
1347 4218 1420 4271 M
1464 4222 1627 4286 (corr.
1672 4218 1736 4272 in
1778 4220 1971 4289 mam.)
2176 4216 2250 4271 20<
2296 4213 2599 4269 mirimodis

334 4302 470 4358 Sela·
663 4305 941 4374 tamquam
976 4302 1298 4359 dissidentia
1342 4304 1400 4359 R
1606 4306 1880 4373 tamquam
1925 4304 2135 4357 diuersa.
2177 4302 2234 4357 R
2436 4299 2507 4354 23
2542 4301 2601 4352 et

333 4406 436 4445 om.
474 4389 766 4446 ABDEF
965 4388 1292 4445 condicionis
1325 4389 1645 4456 ABH‘RS,
1706 4389 2002 4444 condicioni
2036 4389 2091 4444 L
