3175 5050
1025 464 1116 517 De
1153 466 1345 518 statu
1379 464 1639 517 animae
1682 463 1713 519 1
1748 465 1831 519 18.
2065 531 2070 538 .
2472 470 2563 538 55

293 672 542 719 mouere
588 672 710 719 non
755 670 1106 737 possumus,
1157 655 1364 719 motus
1410 654 1623 719 antem
1665 652 1913 721 brachii
1956 656 2035 721 ab
2079 655 2324 723 humeri
2356 657 2554 723 stabi-

293 755 478 821 litate
524 758 636 821 est.
715 757 777 821 et
819 759 893 821 ut
937 774 1060 821 000
1104 754 1339 821 diutius
1391 754 1809 835 inmoremur,
1844 759 1909 822 in
1955 758 2291 841 gradiendo
2334 762 2555 844 utique

293 877 402 940 pes
449 878 612 924 unus
669 858 951 939 figendus
1009 862 1121 935 est,
1182 861 1252 923 ut
1299 858 1461 923 alter
1515 861 1869 941 promoueri
1914 866 2117 944 queat.
2194 865 2339 930 tene
2383 863 2557 930 istud

293 980 434 1026 cum
503 963 819 1044 paulisper
882 961 1079 1027 animi
1142 962 1386 1027 motum
1455 980 1492 1027 a
1557 963 1834 1045 corporis
1882 969 2060 1030 motu
2119 965 2553 1033 discernimus,

250 1085 272 1121 ⁵
296 1084 444 1130 nam
507 1066 688 1143 sicut,
748 1064 824 1129 ut
865 1082 1052 1147 supra
1095 1064 1363 1131 dictum.
1390 1068 1504 1147 est,
1555 1066 1704 1132 deus
1750 1067 2065 1133 stabiliter
2109 1070 2417 1150 mouetur,
2466 1071 2557 1136 sic

293 1168 503 1232 anima
573 1168 1017 1249 temporaliter.
1093 1169 1435 1250 temporale
1506 1174 1603 1233 est
1662 1173 1893 1249 autem,
1954 1174 2116 1252 quod
2171 1173 2358 1254 paulo
2408 1174 2558 1239 ante

294 1270 576 1352 superba,
633 1289 800 1335 nunc
863 1270 1144 1349 humiliS,
1189 1272 1364 1355 prius
1410 1272 1593 1349 laeta,
1640 1290 1805 1337 nunc
1848 1271 2073 1351 tristiS‚
2119 1273 2341 1339 dilexit
2382 1279 2551 1353 ante,

291 1392 455 1438 nunc
515 1372 666 1457 odit,
723 1373 896 1456 prius
953 1374 1192 1457 aliquid
1252 1374 1468 1450 oblita,
1531 1393 1697 1440 nunc
1752 1376 2065 1444 meminit.
2142 1377 2326 1444 huius
2381 1379 2555 1444 modi

291 1480 500 1541 autem
545 1476 823 1543 motibus
867 1480 1114 1543 animae
1157 1495 1279 1542 non
1323 1478 1740 1544 communicat
1784 1495 2023 1563 corpus,
2057 1479 2280 1561 quibus
2311 1479 2551 1547 inmoto

223 1606 274 1643 ιο
291 1580 701 1645 nihilominus
763 1597 1015 1664 corpore
1071 1580 1374 1660 mouetur,
1449 1581 1613 1647 unde
1669 1581 1856 1647 datur
1920 1581 2206 1665 intellegi
2274 1585 2550 1649 animam

194 1666 259 1734 0
289 1702 400 1765 per
445 1684 694 1766 tempus
737 1683 1091 1748 inlocaliter
1134 1684 1374 1748 moueri
1417 1687 1605 1768 atque
1649 1685 1726 1748 ab
1773 1684 1987 1750 eadem
2040 1704 2260 1768 corpus
2292 1687 2355 1751 et
2382 1689 2549 1751 tem-

291 1785 590 1869 poraliter
646 1789 710 1851 et
767 1787 1054 1852 localiter
1096 1790 1351 1866 moueri,
1399 1788 1662 1852 eandem
1707 1806 1854 1853 uero
1898 1807 1936 1853 a
1981 1806 2231 1870 corpore
2272 1789 2554 1857 localiter

292 1907 416 1954 000
467 1907 727 1954 11100011.

153 2079 166 2088 ,
374 2010 583 2091 Atque
641 2011 711 2075 ut
764 2010 879 2075 hoc
933 2010 1160 2093 ipsum,
1217 2010 1272 2076 si
1329 2029 1449 2093 quo
1510 2011 1690 2078 modo
1744 2030 1985 2095 queam,
2032 2012 2241 2077 uerbis
2286 2012 2549 2095 planum

221 2138 270 2177 ιε,
283 2112 534 2190 faciam,
580 2113 994 2179 adtentiorem
1049 2114 1206 2179 mibi
1265 2113 1563 2179 lectorem
1607 2132 1759 2198 opus
1806 2116 1919 2181 est.
2003 2134 2143 2180 0000
2188 2114 2266 2180 ad
2312 2115 2549 2199 aliquid

290 2216 687 2282 scribendum
751 2220 857 2281 uel
920 2217 1450 2283 fabrefaciendum
1515 2222 1586 2283 nt
1655 2236 1874 2283 manus
1929 2219 2253 2284 moueatur
2305 2219 2553 2284 animae

290 2322 479 2385 nutus
545 2320 916 2384 intenditur.
992 2322 1203 2385 anima
1277 2322 1668 2404 conspicatur
1741 2321 2125 2403 incorporeas
2196 2319 2552 2385 inlocaliter

291 2422 543 2506 formas,
605 2422 833 2505 quibus
878 2421 1429 2488 indissociabiliter
1487 2425 1703 2488 iuncta
1758 2422 1893 2488 siue
1948 2424 2295 2508 superiecta
2340 2424 2549 2489 subie-

291 2532 407 2594 ctis
475 2528 606 2592 siue
671 2526 955 2592 subiecta
1020 2526 1389 2608 superiectis
1458 2529 1520 2592 et
1589 2528 1944 2592 membrum
2002 2528 2138 2592 tota
2202 2528 2417 2592 mouet
2486 2530 2551 2592 et

218 2630 634 2694 seformarum
676 2631 1015 2694 ueritatem
1061 2631 1199 2694 tota
1243 2630 1546 2713 conspicit
1595 2635 1657 2694 et
1701 2633 1909 2695 totum
1955 2635 2203 2712 praeter
2248 2629 2367 2694 hoc
2409 2648 2550 2695 cor-

289 2751 405 2816 pus
462 2733 691 2814 ubique
737 2733 872 2797 tota
928 2732 1254 2798 sentificat.
1311 2750 1453 2796 cum
1497 2749 1664 2814 ergo,
1708 2735 1782 2796 ut
1826 2733 2062 2798 dictum
2108 2737 2225 2814 est,
2275 2733 2547 2798 aeternis

287 2835 421 2900 illis
478 2834 843 2918 hisdemque
899 2854 1143 2918 semper
1197 2836 1412 2901 formis
1471 2835 1717 2900 intenta
1761 2837 1839 2900 ad
1884 2837 2168 2919 exempla
2212 2839 2545 2901 earundem

288 2939 634 3005 formarum
668 2941 1067 3022 tetragonum
1099 2941 1232 3004 siue
1265 2940 1654 3022 hexagonum
1685 2939 1789 3003 uel
1820 2939 2155 3004 rotundum
2187 2957 2547 3022 corporeum

396 3263 425 3314 1
480 3262 781 3332 possumus]
830 3278 1048 3316 manum
1093 3227 1132 3315 1¹1
1176 3265 1353 3316 stante
1400 3261 1645 3316 bracchio
1691 3279 1796 3316 non
1844 3277 2117 3316 monemus
2170 3261 2301 3316 add.
2360 3261 2413 3316 G

283 3356 531 3410 humeris!
569 3356 623 3411 R
793 3357 828 3410 3
862 3355 1000 3410 illud
1035 3356 1090 3410 Β
1271 3358 1308 3411 4
1341 3373 1462 3411 0010
1498 3357 1579 3410 Ε“·”
1614 3359 1678 3410 in
1712 3371 1879 3425 mary.
1922 3354 2230 3420 GHMRS,
2287 3372 2390 3410 om.
2429 3356 2547 3412 rell.

287 3457 339 3505 et
374 3451 497 3507 Sch.
755 3452 932 3503 totum
987 3450 1042 3504 Β
1281 3451 1313 3504 5
1367 3453 1432 3504 ut
1479 3467 1580 3505 om.
1622 3450 1898 3515 &hotta-3,
1951 3450 2150 3504 inserit
2196 3455 2382 3504 autem
2427 3456 2553 3517 post

285 3549 368 3599 est
573 3545 606 3598 9
653 3544 864 3598 animae
911 3545 1044 3608 Mb,
1106 3544 1284 3597 anima
1328 3545 1450 3598 rell.
1489 3550 1539 3599 et
1576 3544 1698 3598 Sch.
1909 3559 2099 3613 corpus
2146 3544 2283 3611 Mb,
2343 3544 2547 3612 corpori

284 3640 404 3694 rell.
445 3645 497 3692 et
536 3637 656 3694 Sch.
864 3638 933 3693 14
976 3654 1198 3706 quaeam
1243 3637 1355 3692 AB
1560 3640 1629 3692 15
1674 3638 2371 3692 adtentiorem—lectorem
2414 3637 2549 3691 A¹B

295 3731 603 3788 G¹H¹R¹M
650 3732 766 3799 (qui
817 3731 894 3785 sic
945 3730 1174 3785 Plautus
1228 3732 1403 3786 literis
1447 3731 1637 3787 rubris
1684 3738 1974 3787 exaratum
2028 3732 2186 3787 habet
2229 3733 2293 3785 in
2335 3732 2547 3800 mara),

286 3825 875 3880 adtentiore—lectore
911 3824 1029 3878 rell.
1072 3829 1126 3878 et
1161 3823 1398 3879 editores
1607 3825 1672 3879 17
1709 3829 1847 3879 nutu
1884 3825 1994 3879 Mb
2192 3825 2547 3893 conspiciatur

285 3919 480 3988 B0¹p²
689 3916 757 3970 18
804 3907 1077 3986 subiectis]
1114 3918 1426 3987 superiectis
1463 3917 1494 3972 b
1702 3919 1769 3973 19
1816 3918 2071 3973 subiectis
2107 3920 2401 3987 superiecta
2436 3919 2548 3971 AB

292 4011 632 4077 GFHLRS,
694 4013 1005 4081 superiectis
1058 4012 1297 4067 subiecta
1341 4013 1462 4068 DE
1664 4014 1733 4067 20
1766 4014 2087 4068 uarietatem
2124 4012 2235 4066 PT
2255 4011 2374 4066 Sch.
2391 4051 2404 4076 ,
2451 4011 2550 4066 sed

284 4110 355 4176 cf.
385 4125 515 4179 pay.
538 4112 629 4172 66,
657 4111 693 4163 7
864 4107 931 4161 21
968 4106 1269 4162 sanctificat
1293 4124 1340 4177 p
1511 4108 1769 4176 aeternis]
1807 4110 1862 4162 et
1896 4108 2065 4162 ternis
2092 4109 2163 4175 Ρ*
2333 4107 2402 4160 22
2436 4105 2549 4160 his-

283 4203 506 4273 demque
559 4204 672 4257 Mb
721 4201 814 4270 (οβ
849 4200 1135 4268 indicem),
1194 4200 1463 4271 isdemque
1509 4201 1967 4266 ABOGHLR&
2030 4201 2331 4269 eisdemque
2375 4201 2555 4256 DEF

286 4300 405 4354 Sch.
421 4341 434 4366 ,
508 4299 700 4352 iisdem
746 4313 788 4365 p
1020 4296 1087 4350 23
1139 4296 1476 4366 hexagonum
1529 4296 1587 4364 b,
1658 4311 1953 4366 exagonum
2006 4295 2332 4363 DEFGM,
2402 4311 2547 4350 sexa-

282 4408 483 4464 genum
519 4393 632 4448 rell.

382 4495 482 4550 XI.
2304 4491 2339 4544 5
