<?xml version="1.0" encoding="UTF-8"?>
<!DOCTYPE html PUBLIC "-//W3C//DTD XHTML 1.0 Transitional//EN"
    "http://www.w3.org/TR/xhtml1/DTD/xhtml1-transitional.dtd">
<html xmlns="http://www.w3.org/1999/xhtml" xml:lang="en" lang="en">
 <head>
  <title>
</title>
<meta http-equiv="Content-Type" content="text/html;charset=utf-8" />
  <meta name='ocr-system' content='tesseract 3.04.00' />
  <meta name='ocr-capabilities' content='ocr_page ocr_carea ocr_par ocr_line ocrx_word'/>
</head>
<body>
  <div class='ocr_page' id='page_1' title='image "./corpusscriptoru28wiengoog_0085.png"; bbox 0 0 3175 5050; ppageno 0'>
   <div class='ocr_carea' id='block_1_1' title="bbox 1080 412 2605 481">
    <p class='ocr_par' dir='ltr' id='par_1_1' title="bbox 1080 412 2605 481">
     <span class='ocr_line' id='line_1_1' title="bbox 1080 412 2605 481; baseline 0.001 -15"><span class='ocrx_word' id='word_1_1' title='bbox 1080 412 1173 466; x_wconf 79' lang='lat' dir='ltr'>De·</span> <span class='ocrx_word' id='word_1_2' title='bbox 1203 414 1398 466; x_wconf 75' lang='lat' dir='ltr'>statu</span> <span class='ocrx_word' id='word_1_3' title='bbox 1433 412 1696 467; x_wconf 72' lang='lat' dir='ltr'>animae</span> <span class='ocrx_word' id='word_1_4' title='bbox 1738 413 1770 468; x_wconf 91' lang='lat'>1</span> <span class='ocrx_word' id='word_1_5' title='bbox 1805 413 1857 467; x_wconf 79' lang='lat'>2.</span> <span class='ocrx_word' id='word_1_6' title='bbox 2512 414 2605 481; x_wconf 76' lang='lat'>25</span> 
     </span>
    </p>
   </div>
   <div class='ocr_carea' id='block_1_2' title="bbox 291 600 2601 1409">
    <p class='ocr_par' dir='ltr' id='par_1_2' title="bbox 291 600 2601 1409">
     <span class='ocr_line' id='line_1_2' title="bbox 337 600 2601 683; baseline 0.002 -18"><span class='ocrx_word' id='word_1_7' title='bbox 337 601 408 665; x_wconf 78' lang='lat' dir='ltr'>in</span> <span class='ocrx_word' id='word_1_8' title='bbox 459 600 549 664; x_wconf 89' lang='lat' dir='ltr'>eis</span> <span class='ocrx_word' id='word_1_9' title='bbox 607 601 884 665; x_wconf 86' lang='lat' dir='ltr'>solemus</span> <span class='ocrx_word' id='word_1_10' title='bbox 947 600 1119 677; x_wconf 84' lang='lat' dir='ltr'>locis,</span> <span class='ocrx_word' id='word_1_11' title='bbox 1165 615 1324 683; x_wconf 81' lang='lat' dir='ltr'>quae</span> <span class='ocrx_word' id='word_1_12' title='bbox 1367 602 1471 667; x_wconf 90' lang='lat' dir='ltr'>uel</span> <span class='ocrx_word' id='word_1_13' title='bbox 1515 600 1795 667; x_wconf 69' lang='lat' dir='ltr'>humoris</span> <span class='ocrx_word' id='word_1_14' title='bbox 1838 600 2085 667; x_wconf 76' lang='lat' dir='ltr'><strong>adsidui</strong></span> <span class='ocrx_word' id='word_1_15' title='bbox 2128 600 2601 669; x_wconf 78' lang='lat' dir='ltr'>subterluuiene</span> 
     </span>
     <span class='ocr_line' id='line_1_3' title="bbox 335 702 2597 785; baseline 0.002 -18"><span class='ocrx_word' id='word_1_16' title='bbox 335 702 624 768; x_wconf 73' lang='lat' dir='ltr'>cedentia</span> <span class='ocrx_word' id='word_1_17' title='bbox 667 704 771 767; x_wconf 91' lang='lat' dir='ltr'>uel</span> <span class='ocrx_word' id='word_1_18' title='bbox 813 702 945 767; x_wconf 89' lang='lat' dir='ltr'>leui</span> <span class='ocrx_word' id='word_1_19' title='bbox 988 720 1182 785; x_wconf 87' lang='lat' dir='ltr'>prono</span> <span class='ocrx_word' id='word_1_20' title='bbox 1225 702 1473 768; x_wconf 89' lang='lat' dir='ltr'>lubrica</span> <span class='ocrx_word' id='word_1_21' title='bbox 1517 704 1622 769; x_wconf 88' lang='lat' dir='ltr'>uel</span> <span class='ocrx_word' id='word_1_22' title='bbox 1675 720 1827 767; x_wconf 85' lang='lat' dir='ltr'>cauo</span> <span class='ocrx_word' id='word_1_23' title='bbox 1868 704 2139 785; x_wconf 82' lang='lat' dir='ltr'>pendula</span> <span class='ocrx_word' id='word_1_24' title='bbox 2181 706 2282 770; x_wconf 77' lang='lat' dir='ltr'>uei</span> <span class='ocrx_word' id='word_1_25' title='bbox 2334 706 2597 773; x_wconf 83' lang='lat' dir='ltr'>sudibus</span> 
     </span>
     <span class='ocr_line' id='line_1_4' title="bbox 337 804 2597 890; baseline 0.002 -19"><span class='ocrx_word' id='word_1_26' title='bbox 337 822 556 887; x_wconf 86' lang='lat' dir='ltr'>aspera</span> <span class='ocrx_word' id='word_1_27' title='bbox 612 810 780 884; x_wconf 85' lang='lat' dir='ltr'>sunt,</span> <span class='ocrx_word' id='word_1_28' title='bbox 838 823 1134 887; x_wconf 86' lang='lat' dir='ltr'>suspenso</span> <span class='ocrx_word' id='word_1_29' title='bbox 1179 806 1449 889; x_wconf 86' lang='lat' dir='ltr'>uestigio</span> <span class='ocrx_word' id='word_1_30' title='bbox 1495 805 1619 870; x_wconf 82' lang='lat' dir='ltr'>iter</span> <span class='ocrx_word' id='word_1_31' title='bbox 1661 804 2051 890; x_wconf 80' lang='lat' dir='ltr'>incognitum</span> <span class='ocrx_word' id='word_1_32' title='bbox 2095 809 2311 889; x_wconf 79' lang='lat' dir='ltr'>potius·</span> <span class='ocrx_word' id='word_1_33' title='bbox 2348 810 2597 875; x_wconf 80' lang='lat' dir='ltr'>tentare</span> 
     </span>
     <span class='ocr_line' id='line_1_5' title="bbox 339 909 2595 993; baseline 0.002 -22"><span class='ocrx_word' id='word_1_34' title='bbox 339 924 525 991; x_wconf 86' lang='lat' dir='ltr'>quam</span> <span class='ocrx_word' id='word_1_35' title='bbox 580 927 844 983; x_wconf 86' lang='lat' dir='ltr'>currere,</span> <span class='ocrx_word' id='word_1_36' title='bbox 901 909 1095 974; x_wconf 87' lang='lat' dir='ltr'>donec</span> <span class='ocrx_word' id='word_1_37' title='bbox 1154 909 1394 985; x_wconf 84' lang='lat' dir='ltr'>tertiae,</span> <span class='ocrx_word' id='word_1_38' title='bbox 1460 910 1534 973; x_wconf 90' lang='lat' dir='ltr'>ut</span> <span class='ocrx_word' id='word_1_39' title='bbox 1588 909 1723 975; x_wconf 85' lang='lat' dir='ltr'>illic</span> <span class='ocrx_word' id='word_1_40' title='bbox 1766 911 1884 986; x_wconf 88' lang='lat' dir='ltr'>est,</span> <span class='ocrx_word' id='word_1_41' title='bbox 1929 913 2169 992; x_wconf 87' lang='lat' dir='ltr'>partem</span> <span class='ocrx_word' id='word_1_42' title='bbox 2214 911 2595 993; x_wconf 77' lang='lat' dir='ltr'><strong>quaestionis</strong></span> 
     </span>
     <span class='ocr_line' id='line_1_6' title="bbox 291 1011 2595 1096; baseline 0.003 -22"><span class='ocrx_word' id='word_1_43' title='bbox 291 1034 317 1073; x_wconf 72' lang='lat' dir='ltr'>s</span> <span class='ocrx_word' id='word_1_44' title='bbox 338 1011 668 1093; x_wconf 61' lang='lat' dir='ltr'>ingredior.</span> <span class='ocrx_word' id='word_1_45' title='bbox 743 1011 890 1077; x_wconf 87' lang='lat' dir='ltr'>hinc</span> <span class='ocrx_word' id='word_1_46' title='bbox 932 1014 1060 1078; x_wconf 87' lang='lat' dir='ltr'>iam</span> <span class='ocrx_word' id='word_1_47' title='bbox 1106 1032 1226 1079; x_wconf 92' lang='lat' dir='ltr'>non</span> <span class='ocrx_word' id='word_1_48' title='bbox 1273 1013 1665 1096; x_wconf 81' lang='lat' dir='ltr'>exploranda,</span> <span class='ocrx_word' id='word_1_49' title='bbox 1714 1015 1820 1078; x_wconf 89' lang='lat' dir='ltr'>sed</span> <span class='ocrx_word' id='word_1_50' title='bbox 1868 1015 2248 1095; x_wconf 77' lang='lat' dir='ltr'><strong>explodenda</strong></span> <span class='ocrx_word' id='word_1_51' title='bbox 2278 1016 2595 1081; x_wconf 80' lang='lat' dir='ltr'>sententia</span> 
     </span>
     <span class='ocr_line' id='line_1_7' title="bbox 339 1116 2599 1201; baseline 0.002 -22"><span class='ocrx_word' id='word_1_52' title='bbox 339 1132 726 1198; x_wconf 87' lang='lat' dir='ltr'>nequaquam</span> <span class='ocrx_word' id='word_1_53' title='bbox 771 1116 950 1197; x_wconf 88' lang='lat' dir='ltr'>pensi</span> <span class='ocrx_word' id='word_1_54' title='bbox 993 1117 1293 1182; x_wconf 89' lang='lat' dir='ltr'>sermonis</span> <span class='ocrx_word' id='word_1_55' title='bbox 1338 1117 1627 1199; x_wconf 76' lang='lat' dir='ltr'>adparuit</span> <span class='ocrx_word' id='word_1_56' title='bbox 1672 1118 1824 1184; x_wconf 84' lang='lat' dir='ltr'>satis</span> <span class='ocrx_word' id='word_1_57' title='bbox 1870 1118 2085 1183; x_wconf 89' lang='lat' dir='ltr'>sedulo</span> <span class='ocrx_word' id='word_1_58' title='bbox 2128 1118 2367 1184; x_wconf 81' lang='lat' dir='ltr'>efficere</span> <span class='ocrx_word' id='word_1_59' title='bbox 2420 1118 2599 1201; x_wconf 87' lang='lat' dir='ltr'>cupi·-</span> 
     </span>
     <span class='ocr_line' id='line_1_8' title="bbox 338 1218 2595 1303; baseline 0.002 -22"><span class='ocrx_word' id='word_1_60' title='bbox 338 1235 467 1295; x_wconf 72' lang='lat' dir='ltr'>enS,</span> <span class='ocrx_word' id='word_1_61' title='bbox 514 1218 568 1282; x_wconf 88' lang='lat' dir='ltr'>si</span> <span class='ocrx_word' id='word_1_62' title='bbox 614 1236 733 1299; x_wconf 89' lang='lat' dir='ltr'>quo</span> <span class='ocrx_word' id='word_1_63' title='bbox 778 1222 958 1302; x_wconf 86' lang='lat' dir='ltr'>pacto</span> <span class='ocrx_word' id='word_1_64' title='bbox 1005 1221 1210 1302; x_wconf 85' lang='lat' dir='ltr'>queat,</span> <span class='ocrx_word' id='word_1_65' title='bbox 1257 1224 1328 1284; x_wconf 89' lang='lat' dir='ltr'>ut</span> <span class='ocrx_word' id='word_1_66' title='bbox 1373 1220 1584 1285; x_wconf 88' lang='lat' dir='ltr'>anima</span> <span class='ocrx_word' id='word_1_67' title='bbox 1615 1239 1837 1303; x_wconf 86' lang='lat' dir='ltr'>corpus</span> <span class='ocrx_word' id='word_1_68' title='bbox 1868 1240 2002 1287; x_wconf 87' lang='lat' dir='ltr'>esse</span> <span class='ocrx_word' id='word_1_69' title='bbox 2033 1223 2345 1288; x_wconf 87' lang='lat' dir='ltr'>uideatur.</span> <span class='ocrx_word' id='word_1_70' title='bbox 2419 1223 2595 1287; x_wconf 86' lang='lat' dir='ltr'>nulla</span> 
     </span>
     <span class='ocr_line' id='line_1_9' title="bbox 337 1318 2591 1409; baseline 0.003 -26"><span class='ocrx_word' id='word_1_71' title='bbox 337 1318 533 1402; x_wconf 86' lang='lat' dir='ltr'>igitur</span> <span class='ocrx_word' id='word_1_72' title='bbox 574 1323 1051 1404; x_wconf 84' lang='lat' dir='ltr'>argumentandi</span> <span class='ocrx_word' id='word_1_73' title='bbox 1094 1323 1351 1407; x_wconf 88' lang='lat' dir='ltr'>uirtute,</span> <span class='ocrx_word' id='word_1_74' title='bbox 1399 1323 1574 1390; x_wconf 84' lang='lat' dir='ltr'>nulla</span> <span class='ocrx_word' id='word_1_75' title='bbox 1615 1322 1869 1391; x_wconf 87' lang='lat' dir='ltr'>iubente</span> <span class='ocrx_word' id='word_1_76' title='bbox 1914 1326 2076 1409; x_wconf 86' lang='lat' dir='ltr'>lege,</span> <span class='ocrx_word' id='word_1_77' title='bbox 2125 1326 2303 1390; x_wconf 86' lang='lat' dir='ltr'>nulla</span> <span class='ocrx_word' id='word_1_78' title='bbox 2338 1343 2591 1407; x_wconf 87' lang='lat' dir='ltr'>persua-</span> 
     </span>
    </p>
   </div>
   <div class='ocr_carea' id='block_1_3' title="bbox 266 1423 2595 1593">
    <p class='ocr_par' dir='ltr' id='par_1_3' title="bbox 266 1423 2595 1593">
     <span class='ocr_line' id='line_1_10' title="bbox 336 1423 2595 1589; baseline 0.003 -102"><span class='ocrx_word' id='word_1_79' title='bbox 336 1423 524 1589; x_wconf 60' lang='lat' dir='ltr'>gente</span> <span class='ocrx_word' id='word_1_80' title='bbox 567 1424 803 1489; x_wconf 86' lang='lat' dir='ltr'>ratione</span> <span class='ocrx_word' id='word_1_81' title='bbox 846 1426 914 1491; x_wconf 92' lang='lat' dir='ltr'>in</span> <span class='ocrx_word' id='word_1_82' title='bbox 953 1426 1069 1491; x_wconf 80' lang='lat' dir='ltr'>ho‘c</span> <span class='ocrx_word' id='word_1_83' title='bbox 1111 1424 1493 1509; x_wconf 79' lang='lat' dir='ltr'>nequiquam</span> <span class='ocrx_word' id='word_1_84' title='bbox 1523 1428 1822 1493; x_wconf 85' lang='lat' dir='ltr'>uidelicet</span> <span class='ocrx_word' id='word_1_85' title='bbox 1854 1429 2101 1513; x_wconf 88' lang='lat' dir='ltr'>negotio</span> <span class='ocrx_word' id='word_1_86' title='bbox 2134 1430 2357 1493; x_wconf 85' lang='lat' dir='ltr'>tertius</span> <span class='ocrx_word' id='word_1_87' title='bbox 2392 1446 2595 1494; x_wconf 85' lang='lat' dir='ltr'>sermo</span> 
     </span>
     <span class='ocr_line' id='line_1_11' title="bbox 266 1526 576 1593; baseline 0 -2"><span class='ocrx_word' id='word_1_88' title='bbox 266 1552 318 1593; x_wconf 83' lang='grc' dir='ltr'>ιο</span> <span class='ocrx_word' id='word_1_89' title='bbox 384 1526 576 1591; x_wconf 87' lang='lat' dir='ltr'>nitur.</span> 
     </span>
    </p>
   </div>
   <div class='ocr_carea' id='block_1_4' title="bbox 261 1648 2597 3278">
    <p class='ocr_par' dir='ltr' id='par_1_4' title="bbox 335 1648 2596 2043">
     <span class='ocr_line' id='line_1_12' title="bbox 422 1648 2596 1735; baseline 0.001 -22"><span class='ocrx_word' id='word_1_90' title='bbox 422 1649 518 1713; x_wconf 86' lang='lat' dir='ltr'>Ac</span> <span class='ocrx_word' id='word_1_91' title='bbox 588 1648 746 1713; x_wconf 89' lang='lat' dir='ltr'>mihi</span> <span class='ocrx_word' id='word_1_92' title='bbox 817 1649 1092 1730; x_wconf 86' lang='lat' dir='ltr'>primum</span> <span class='ocrx_word' id='word_1_93' title='bbox 1164 1668 1458 1733; x_wconf 78' lang='lat' dir='ltr'>quaerere</span> <span class='ocrx_word' id='word_1_94' title='bbox 1533 1652 1705 1717; x_wconf 88' lang='lat' dir='ltr'>cordi</span> <span class='ocrx_word' id='word_1_95' title='bbox 1778 1655 1893 1731; x_wconf 85' lang='lat' dir='ltr'>est,</span> <span class='ocrx_word' id='word_1_96' title='bbox 1970 1651 2262 1735; x_wconf 80' lang='lat' dir='ltr'>quidnam</span> <span class='ocrx_word' id='word_1_97' title='bbox 2335 1652 2596 1716; x_wconf 89' lang='lat' dir='ltr'>rationis</span> 
     </span>
     <span class='ocr_line' id='line_1_13' title="bbox 339 1751 2593 1836; baseline 0 -21"><span class='ocrx_word' id='word_1_98' title='bbox 339 1751 662 1828; x_wconf 86' lang='lat' dir='ltr'>exstiterit,</span> <span class='ocrx_word' id='word_1_99' title='bbox 733 1754 804 1815; x_wconf 89' lang='lat' dir='ltr'>ut</span> <span class='ocrx_word' id='word_1_100' title='bbox 869 1753 1083 1817; x_wconf 88' lang='lat' dir='ltr'>tantas</span> <span class='ocrx_word' id='word_1_101' title='bbox 1147 1751 1420 1819; x_wconf 87' lang='lat' dir='ltr'>initurus</span> <span class='ocrx_word' id='word_1_102' title='bbox 1490 1772 1706 1819; x_wconf 81' lang='lat' dir='ltr'>causas</span> <span class='ocrx_word' id='word_1_103' title='bbox 1772 1755 1966 1836; x_wconf 89' lang='lat' dir='ltr'>deque</span> <span class='ocrx_word' id='word_1_104' title='bbox 2019 1756 2154 1819; x_wconf 89' lang='lat' dir='ltr'>tam</span> <span class='ocrx_word' id='word_1_105' title='bbox 2220 1752 2593 1818; x_wconf 81' lang='lat' dir='ltr'>sublimibus</span> 
     </span>
     <span class='ocr_line' id='line_1_14' title="bbox 335 1854 2592 1939; baseline 0 -20"><span class='ocrx_word' id='word_1_106' title='bbox 335 1854 658 1929; x_wconf 87' lang='lat' dir='ltr'>locuturus</span> <span class='ocrx_word' id='word_1_107' title='bbox 708 1854 855 1919; x_wconf 83' lang='lat' dir='ltr'>seiri</span> <span class='ocrx_word' id='word_1_108' title='bbox 915 1855 1233 1920; x_wconf 85' lang='lat' dir='ltr'>uitauerit.</span> <span class='ocrx_word' id='word_1_109' title='bbox 1307 1856 1546 1921; x_wconf 89' lang='lat' dir='ltr'>sibene</span> <span class='ocrx_word' id='word_1_110' title='bbox 1577 1857 1858 1923; x_wconf 86' lang='lat' dir='ltr'>conscius</span> <span class='ocrx_word' id='word_1_111' title='bbox 1888 1856 2190 1939; x_wconf 75' lang='lat' dir='ltr'>disputas,</span> <span class='ocrx_word' id='word_1_112' title='bbox 2225 1875 2337 1921; x_wconf 89' lang='lat' dir='ltr'>cur</span> <span class='ocrx_word' id='word_1_113' title='bbox 2365 1872 2592 1921; x_wconf 89' lang='lat' dir='ltr'>nomen</span> 
     </span>
     <span class='ocr_line' id='line_1_15' title="bbox 335 1957 2593 2043; baseline 0 -20"><span class='ocrx_word' id='word_1_114' title='bbox 335 1957 660 2023; x_wconf 72' lang='lat' dir='ltr'>occultas?</span> <span class='ocrx_word' id='word_1_115' title='bbox 707 1959 761 2022; x_wconf 90' lang='lat' dir='ltr'>si</span> <span class='ocrx_word' id='word_1_116' title='bbox 821 1959 1076 2041; x_wconf 84' lang='lat' dir='ltr'>agnosci</span> <span class='ocrx_word' id='word_1_117' title='bbox 1131 1960 1381 2040; x_wconf 89' lang='lat' dir='ltr'>metuis,</span> <span class='ocrx_word' id='word_1_118' title='bbox 1445 1978 1554 2025; x_wconf 90' lang='lat' dir='ltr'>cur</span> <span class='ocrx_word' id='word_1_119' title='bbox 1612 1978 1763 2043; x_wconf 88' lang='lat' dir='ltr'>opus</span> <span class='ocrx_word' id='word_1_120' title='bbox 1807 1959 2035 2043; x_wconf 86' lang='lat' dir='ltr'>prodis,</span> <span class='ocrx_word' id='word_1_121' title='bbox 2084 1980 2160 2025; x_wconf 89' lang='lat' dir='ltr'>ne</span> <span class='ocrx_word' id='word_1_122' title='bbox 2206 1958 2433 2037; x_wconf 87' lang='lat' dir='ltr'>dicam,</span> <span class='ocrx_word' id='word_1_123' title='bbox 2480 1978 2593 2024; x_wconf 89' lang='lat' dir='ltr'>cur</span> 
     </span>
    </p>

    <p class='ocr_par' dir='ltr' id='par_1_5' title="bbox 261 2060 2597 3278">
     <span class='ocr_line' id='line_1_16' title="bbox 264 2060 2593 2147; baseline -0.001 -18"><span class='ocrx_word' id='word_1_124' title='bbox 264 2090 316 2128; x_wconf 70' lang='grc' dir='ltr'>ιε,</span> <span class='ocrx_word' id='word_1_125' title='bbox 333 2062 457 2125; x_wconf 86' lang='lat' dir='ltr'>ista</span> <span class='ocrx_word' id='word_1_126' title='bbox 515 2060 892 2127; x_wconf 75' lang='lat' dir='ltr'>conscribis?</span> <span class='ocrx_word' id='word_1_127' title='bbox 949 2079 1031 2127; x_wconf 90' lang='lat' dir='ltr'>an</span> <span class='ocrx_word' id='word_1_128' title='bbox 1074 2062 1380 2128; x_wconf 88' lang='lat' dir='ltr'>maiorum</span> <span class='ocrx_word' id='word_1_129' title='bbox 1432 2081 1618 2147; x_wconf 88' lang='lat' dir='ltr'>super</span> <span class='ocrx_word' id='word_1_130' title='bbox 1662 2063 1780 2127; x_wconf 86' lang='lat' dir='ltr'>hoc</span> <span class='ocrx_word' id='word_1_131' title='bbox 1824 2062 2089 2129; x_wconf 79' lang='lat' dir='ltr'>forsitan</span> <span class='ocrx_word' id='word_1_132' title='bbox 2134 2062 2415 2144; x_wconf 84' lang='lat' dir='ltr'>exempla</span> <span class='ocrx_word' id='word_1_133' title='bbox 2459 2080 2593 2126; x_wconf 88' lang='lat' dir='ltr'>sec-</span> 
     </span>
     <span class='ocr_line' id='line_1_17' title="bbox 335 2162 2594 2257; baseline 0.001 -29"><span class='ocrx_word' id='word_1_134' title='bbox 335 2165 540 2229; x_wconf 77' lang='lat' dir='ltr'>taris?</span> <span class='ocrx_word' id='word_1_135' title='bbox 583 2163 691 2228; x_wconf 85' lang='lat' dir='ltr'>sed</span> <span class='ocrx_word' id='word_1_136' title='bbox 738 2162 918 2229; x_wconf 86' lang='lat' dir='ltr'>uideo</span> <span class='ocrx_word' id='word_1_137' title='bbox 961 2164 1314 2247; x_wconf 87' lang='lat' dir='ltr'>prophetas,</span> <span class='ocrx_word' id='word_1_138' title='bbox 1361 2164 1797 2249; x_wconf 76' lang='lat' dir='ltr'>euangelistaS,</span> <span class='ocrx_word' id='word_1_139' title='bbox 1846 2165 2171 2250; x_wconf 86' lang='lat' dir='ltr'>apostolos,</span> <span class='ocrx_word' id='word_1_140' title='bbox 2225 2170 2369 2257; x_wconf 85' lang='lat' dir='ltr'>post</span> <span class='ocrx_word' id='word_1_141' title='bbox 2398 2164 2594 2230; x_wconf 89' lang='lat' dir='ltr'>etiam</span> 
     </span>
     <span class='ocr_line' id='line_1_18' title="bbox 334 2266 2595 2351; baseline 0.001 -20"><span class='ocrx_word' id='word_1_142' title='bbox 334 2266 838 2333; x_wconf 86' lang='lat' dir='ltr'>authenticorum</span> <span class='ocrx_word' id='word_1_143' title='bbox 894 2266 1196 2350; x_wconf 87' lang='lat' dir='ltr'>plurimos</span> <span class='ocrx_word' id='word_1_144' title='bbox 1253 2268 1627 2334; x_wconf 79' lang='lat' dir='ltr'>tractatores</span> <span class='ocrx_word' id='word_1_145' title='bbox 1688 2288 1803 2333; x_wconf 88' lang='lat' dir='ltr'>sua</span> <span class='ocrx_word' id='word_1_146' title='bbox 1855 2268 2125 2351; x_wconf 88' lang='lat' dir='ltr'>propriis</span> <span class='ocrx_word' id='word_1_147' title='bbox 2170 2268 2595 2333; x_wconf 88' lang='lat' dir='ltr'>uoluminibus</span> 
     </span>
     <span class='ocr_line' id='line_1_19' title="bbox 335 2370 2590 2454; baseline 0 -19"><span class='ocrx_word' id='word_1_148' title='bbox 335 2370 588 2436; x_wconf 89' lang='lat' dir='ltr'>nomina</span> <span class='ocrx_word' id='word_1_149' title='bbox 659 2375 1086 2454; x_wconf 79' lang='lat' dir='ltr'>praenotasse,</span> <span class='ocrx_word' id='word_1_150' title='bbox 1161 2372 1318 2437; x_wconf 85' lang='lat' dir='ltr'>alios</span> <span class='ocrx_word' id='word_1_151' title='bbox 1394 2373 1588 2437; x_wconf 88' lang='lat' dir='ltr'>etiam</span> <span class='ocrx_word' id='word_1_152' title='bbox 1662 2388 1923 2453; x_wconf 88' lang='lat' dir='ltr'>operum</span> <span class='ocrx_word' id='word_1_153' title='bbox 1996 2389 2252 2436; x_wconf 89' lang='lat' dir='ltr'>suorum</span> <span class='ocrx_word' id='word_1_154' title='bbox 2323 2370 2590 2453; x_wconf 87' lang='lat' dir='ltr'>propriis</span> 
     </span>
     <span class='ocr_line' id='line_1_20' title="bbox 337 2472 2597 2560; baseline 0 -22"><span class='ocrx_word' id='word_1_155' title='bbox 337 2472 654 2539; x_wconf 87' lang='lat' dir='ltr'>uocabulis</span> <span class='ocrx_word' id='word_1_156' title='bbox 687 2473 1008 2541; x_wconf 86' lang='lat' dir='ltr'>inchoasse</span> <span class='ocrx_word' id='word_1_157' title='bbox 1039 2475 1364 2560; x_wconf 87' lang='lat' dir='ltr'>principia,</span> <span class='ocrx_word' id='word_1_158' title='bbox 1397 2478 1468 2541; x_wconf 90' lang='lat' dir='ltr'>ut</span> <span class='ocrx_word' id='word_1_159' title='bbox 1499 2477 1597 2541; x_wconf 90' lang='lat' dir='ltr'>est</span> <span class='ocrx_word' id='word_1_160' title='bbox 1626 2474 1819 2542; x_wconf 88' lang='lat' dir='ltr'>illud:</span> <span class='ocrx_word' id='word_1_161' title='bbox 1852 2476 2139 2541; x_wconf 88' lang='lat' dir='ltr'>Petrus</span> <span class='ocrx_word' id='word_1_162' title='bbox 2186 2474 2597 2556; x_wconf 85' lang='lat' dir='ltr'>apostolus</span> 
     </span>
     <span class='ocr_line' id='line_1_21' title="bbox 261 2575 2594 2664; baseline -0.003 -17"><span class='ocrx_word' id='word_1_163' title='bbox 261 2575 672 2658; x_wconf 69' lang='lat' dir='ltr'>soChristi,</span> <span class='ocrx_word' id='word_1_164' title='bbox 742 2582 806 2645; x_wconf 91' lang='lat' dir='ltr'>et</span> <span class='ocrx_word' id='word_1_165' title='bbox 873 2579 1198 2664; x_wconf 79' lang='lat' dir='ltr'>PauluS,</span> <span class='ocrx_word' id='word_1_166' title='bbox 1267 2600 1382 2645; x_wconf 91' lang='lat' dir='ltr'>nec</span> <span class='ocrx_word' id='word_1_167' title='bbox 1448 2599 1568 2646; x_wconf 92' lang='lat' dir='ltr'>non</span> <span class='ocrx_word' id='word_1_168' title='bbox 1637 2580 1749 2645; x_wconf 86' lang='lat' dir='ltr'>alii</span> <span class='ocrx_word' id='word_1_169' title='bbox 1820 2584 2006 2662; x_wconf 87' lang='lat' dir='ltr'>atque</span> <span class='ocrx_word' id='word_1_170' title='bbox 2063 2578 2174 2645; x_wconf 87' lang='lat' dir='ltr'>alii</span> <span class='ocrx_word' id='word_1_171' title='bbox 2232 2577 2594 2642; x_wconf 86' lang='lat' dir='ltr'>fundatores</span> 
     </span>
     <span class='ocr_line' id='line_1_22' title="bbox 337 2680 2596 2766; baseline 0 -22"><span class='ocrx_word' id='word_1_172' title='bbox 337 2680 634 2747; x_wconf 87' lang='lat' dir='ltr'>ecclesiae</span> <span class='ocrx_word' id='word_1_173' title='bbox 680 2686 869 2765; x_wconf 87' lang='lat' dir='ltr'>atque</span> <span class='ocrx_word' id='word_1_174' title='bbox 912 2682 1284 2748; x_wconf 85' lang='lat' dir='ltr'>eruditores:</span> <span class='ocrx_word' id='word_1_175' title='bbox 1341 2683 1640 2748; x_wconf 89' lang='lat' dir='ltr'>uidelicet</span> <span class='ocrx_word' id='word_1_176' title='bbox 1667 2685 2099 2766; x_wconf 86' lang='lat' dir='ltr'>praecauenda</span> <span class='ocrx_word' id='word_1_177' title='bbox 2128 2681 2257 2748; x_wconf 89' lang='lat' dir='ltr'>fore</span> <span class='ocrx_word' id='word_1_178' title='bbox 2290 2683 2596 2745; x_wconf 86' lang='lat' dir='ltr'>nouerant</span> 
     </span>
     <span class='ocr_line' id='line_1_23' title="bbox 336 2783 2589 2868; baseline 0 -22"><span class='ocrx_word' id='word_1_179' title='bbox 336 2784 828 2866; x_wconf 84' lang='lat' dir='ltr'>apocryphorum</span> <span class='ocrx_word' id='word_1_180' title='bbox 884 2804 1045 2852; x_wconf 88' lang='lat' dir='ltr'>uana</span> <span class='ocrx_word' id='word_1_181' title='bbox 1101 2787 1203 2851; x_wconf 90' lang='lat' dir='ltr'>uel</span> <span class='ocrx_word' id='word_1_182' title='bbox 1261 2788 1462 2852; x_wconf 85' lang='lat' dir='ltr'>noxia.</span> <span class='ocrx_word' id='word_1_183' title='bbox 1538 2787 1651 2851; x_wconf 88' lang='lat' dir='ltr'>sed</span> <span class='ocrx_word' id='word_1_184' title='bbox 1713 2805 1789 2851; x_wconf 90' lang='lat' dir='ltr'>ne</span> <span class='ocrx_word' id='word_1_185' title='bbox 1834 2787 1924 2851; x_wconf 89' lang='lat' dir='ltr'>sic</span> <span class='ocrx_word' id='word_1_186' title='bbox 1968 2785 2217 2868; x_wconf 89' lang='lat' dir='ltr'>quidem</span> <span class='ocrx_word' id='word_1_187' title='bbox 2263 2783 2589 2848; x_wconf 83' lang='lat' dir='ltr'>fallacium</span> 
     </span>
     <span class='ocr_line' id='line_1_24' title="bbox 335 2885 2594 2970; baseline -0.001 -20"><span class='ocrx_word' id='word_1_188' title='bbox 335 2887 809 2953; x_wconf 88' lang='lat' dir='ltr'>temerariorum</span> <span class='ocrx_word' id='word_1_189' title='bbox 855 2889 1044 2954; x_wconf 89' lang='lat' dir='ltr'>uitari</span> <span class='ocrx_word' id='word_1_190' title='bbox 1088 2887 1391 2970; x_wconf 86' lang='lat' dir='ltr'>figmenta</span> <span class='ocrx_word' id='word_1_191' title='bbox 1436 2892 1793 2970; x_wconf 83' lang='lat' dir='ltr'>potuerunt.</span> <span class='ocrx_word' id='word_1_192' title='bbox 1870 2888 2017 2952; x_wconf 88' lang='lat' dir='ltr'>hinc</span> <span class='ocrx_word' id='word_1_193' title='bbox 2069 2891 2167 2952; x_wconf 89' lang='lat' dir='ltr'>est</span> <span class='ocrx_word' id='word_1_194' title='bbox 2197 2885 2359 2969; x_wconf 91' lang='lat' dir='ltr'>quod</span> <span class='ocrx_word' id='word_1_195' title='bbox 2388 2885 2594 2968; x_wconf 85' lang='lat' dir='ltr'>plera-</span> 
     </span>
     <span class='ocr_line' id='line_1_25' title="bbox 338 2989 2591 3073; baseline -0 -20"><span class='ocrx_word' id='word_1_196' title='bbox 338 3007 458 3072; x_wconf 85' lang='lat' dir='ltr'>que</span> <span class='ocrx_word' id='word_1_197' title='bbox 489 2990 674 3055; x_wconf 86' lang='lat' dir='ltr'>Pauli</span> <span class='ocrx_word' id='word_1_198' title='bbox 702 2992 1172 3073; x_wconf 88' lang='lat' dir='ltr'>multorumque</span> <span class='ocrx_word' id='word_1_199' title='bbox 1201 2997 1559 3057; x_wconf 86' lang='lat' dir='ltr'>sanctorum</span> <span class='ocrx_word' id='word_1_200' title='bbox 1598 2991 1921 3057; x_wconf 88' lang='lat' dir='ltr'>uocabulis</span> <span class='ocrx_word' id='word_1_201' title='bbox 1953 2989 2321 3072; x_wconf 85' lang='lat' dir='ltr'>praenotata</span> <span class='ocrx_word' id='word_1_202' title='bbox 2349 2990 2591 3054; x_wconf 87' lang='lat' dir='ltr'>sanitas</span> 
     </span>
     <span class='ocr_line' id='line_1_26' title="bbox 263 3090 2593 3175; baseline -0.004 -13"><span class='ocrx_word' id='word_1_203' title='bbox 263 3121 320 3162; x_wconf 55' lang='grc' dir='ltr'>εὖ</span> <span class='ocrx_word' id='word_1_204' title='bbox 337 3091 681 3157; x_wconf 86' lang='lat' dir='ltr'>catholicae</span> <span class='ocrx_word' id='word_1_205' title='bbox 739 3095 987 3157; x_wconf 87' lang='lat' dir='ltr'>nostrae</span> <span class='ocrx_word' id='word_1_206' title='bbox 1055 3110 1178 3157; x_wconf 92' lang='lat' dir='ltr'>non</span> <span class='ocrx_word' id='word_1_207' title='bbox 1246 3095 1484 3175; x_wconf 87' lang='lat' dir='ltr'>recipit,</span> <span class='ocrx_word' id='word_1_208' title='bbox 1554 3093 1701 3175; x_wconf 89' lang='lat' dir='ltr'>quia</span> <span class='ocrx_word' id='word_1_209' title='bbox 1764 3111 1888 3158; x_wconf 88' lang='lat' dir='ltr'>non</span> <span class='ocrx_word' id='word_1_210' title='bbox 1953 3092 2259 3157; x_wconf 88' lang='lat' dir='ltr'>lenocinio</span> <span class='ocrx_word' id='word_1_211' title='bbox 2326 3090 2593 3155; x_wconf 87' lang='lat' dir='ltr'>nominis</span> 
     </span>
     <span class='ocr_line' id='line_1_27' title="bbox 337 3193 2591 3278; baseline -0.001 -19"><span class='ocrx_word' id='word_1_212' title='bbox 337 3195 540 3278; x_wconf 86' lang='lat' dir='ltr'>operis</span> <span class='ocrx_word' id='word_1_213' title='bbox 598 3195 895 3259; x_wconf 87' lang='lat' dir='ltr'>meritum</span> <span class='ocrx_word' id='word_1_214' title='bbox 948 3197 1187 3277; x_wconf 87' lang='lat' dir='ltr'>pensat,</span> <span class='ocrx_word' id='word_1_215' title='bbox 1245 3195 1353 3260; x_wconf 91' lang='lat' dir='ltr'>sed</span> <span class='ocrx_word' id='word_1_216' title='bbox 1413 3197 1731 3260; x_wconf 87' lang='lat' dir='ltr'>auctorem</span> <span class='ocrx_word' id='word_1_217' title='bbox 1778 3195 1897 3259; x_wconf 87' lang='lat' dir='ltr'>sibi</span> <span class='ocrx_word' id='word_1_218' title='bbox 1946 3194 2084 3259; x_wconf 88' lang='lat' dir='ltr'>stili</span> <span class='ocrx_word' id='word_1_219' title='bbox 2126 3193 2396 3258; x_wconf 85' lang='lat' dir='ltr'>ueritate</span> <span class='ocrx_word' id='word_1_220' title='bbox 2443 3211 2591 3258; x_wconf 90' lang='lat' dir='ltr'>con·</span> 
     </span>
    </p>
   </div>
   <div class='ocr_carea' id='block_1_5' title="bbox 333 3475 2596 3895">
    <p class='ocr_par' dir='ltr' id='par_1_6' title="bbox 333 3475 2596 3895">
     <span class='ocr_line' id='line_1_28' title="bbox 438 3475 2593 3551; baseline -0.001 -15"><span class='ocrx_word' id='word_1_221' title='bbox 438 3483 470 3536; x_wconf 91' lang='lat'>1</span> <span class='ocrx_word' id='word_1_222' title='bbox 506 3498 611 3551; x_wconf 83' lang='lat' dir='ltr'>qua</span> <span class='ocrx_word' id='word_1_223' title='bbox 646 3475 1122 3538; x_wconf 71' lang='lat' dir='ltr'><strong><em>AB&#39;1DFHLRS</em></strong></span> <span class='ocrx_word' id='word_1_224' title='bbox 1297 3481 1355 3538; x_wconf 86' lang='grc'>,3</span> <span class='ocrx_word' id='word_1_225' title='bbox 1401 3484 1651 3549; x_wconf 84' lang='lat' dir='ltr'>asperata</span> <span class='ocrx_word' id='word_1_226' title='bbox 1696 3481 1748 3535; x_wconf 76' lang='lat' dir='ltr'><strong><em>G</em></strong></span> <span class='ocrx_word' id='word_1_227' title='bbox 1952 3481 2095 3535; x_wconf 84' lang='lat' dir='ltr'>inter</span> <span class='ocrx_word' id='word_1_228' title='bbox 2142 3475 2254 3537; x_wconf 72' lang='lat' dir='ltr'>GR</span> <span class='ocrx_word' id='word_1_229' title='bbox 2456 3481 2593 3534; x_wconf 87' lang='lat' dir='ltr'>tem-</span> 
     </span>
     <span class='ocr_line' id='line_1_29' title="bbox 336 3565 2457 3638; baseline -0.001 -16"><span class='ocrx_word' id='word_1_230' title='bbox 336 3571 488 3638; x_wconf 84' lang='lat' dir='ltr'>ptare</span> <span class='ocrx_word' id='word_1_231' title='bbox 533 3567 753 3624; x_wconf 77' lang='lat' dir='ltr'><strong><em>BLRS</em></strong></span> <span class='ocrx_word' id='word_1_232' title='bbox 951 3569 985 3624; x_wconf 83' lang='lat'>5</span> <span class='ocrx_word' id='word_1_233' title='bbox 1025 3567 1153 3622; x_wconf 89' lang='lat' dir='ltr'>hinc</span> <span class='ocrx_word' id='word_1_234' title='bbox 1200 3569 1272 3622; x_wconf 84' lang='lat' dir='ltr'><strong><em>M</em></strong></span> <span class='ocrx_word' id='word_1_235' title='bbox 1279 3569 1340 3633; x_wconf 82' lang='lat' dir='ltr'>b,</span> <span class='ocrx_word' id='word_1_236' title='bbox 1399 3567 1490 3621; x_wconf 88' lang='lat' dir='ltr'>hic</span> <span class='ocrx_word' id='word_1_237' title='bbox 1526 3567 1645 3622; x_wconf 77' lang='lat' dir='ltr'>rell.</span> <span class='ocrx_word' id='word_1_238' title='bbox 1683 3571 1735 3621; x_wconf 83' lang='lat' dir='ltr'>et</span> <span class='ocrx_word' id='word_1_239' title='bbox 1770 3566 1893 3622; x_wconf 64' lang='lat' dir='ltr'>Sca.</span> <span class='ocrx_word' id='word_1_240' title='bbox 2100 3566 2135 3621; x_wconf 82' lang='grc'>6</span> <span class='ocrx_word' id='word_1_241' title='bbox 2178 3566 2358 3620; x_wconf 87' lang='lat' dir='ltr'>sedule</span> <span class='ocrx_word' id='word_1_242' title='bbox 2402 3565 2457 3620; x_wconf 71' lang='lat'>1¹1</span> 
     </span>
     <span class='ocr_line' id='line_1_30' title="bbox 333 3649 2596 3724; baseline -0.001 -16"><span class='ocrx_word' id='word_1_243' title='bbox 333 3655 370 3708; x_wconf 88' lang='lat'>8</span> <span class='ocrx_word' id='word_1_244' title='bbox 419 3654 646 3708; x_wconf 83' lang='lat' dir='ltr'>iuuante</span> <span class='ocrx_word' id='word_1_245' title='bbox 697 3653 811 3708; x_wconf 77' lang='lat' dir='ltr'>Mb</span> <span class='ocrx_word' id='word_1_246' title='bbox 1013 3654 1048 3708; x_wconf 87' lang='grc'>9</span> <span class='ocrx_word' id='word_1_247' title='bbox 1098 3654 1416 3724; x_wconf 87' lang='lat' dir='ltr'>nequiquam</span> <span class='ocrx_word' id='word_1_248' title='bbox 1462 3649 1870 3718; x_wconf 73' lang='lat' dir='ltr'><strong><em>AB¹GE¹GL‚</em></strong></span> <span class='ocrx_word' id='word_1_249' title='bbox 1928 3668 2023 3707; x_wconf 89' lang='lat' dir='ltr'>nec</span> <span class='ocrx_word' id='word_1_250' title='bbox 2068 3652 2324 3724; x_wconf 84' lang='lat' dir='ltr'>quiquam</span> <span class='ocrx_word' id='word_1_251' title='bbox 2373 3651 2441 3716; x_wconf 77' lang='lat' dir='ltr'>S,</span> <span class='ocrx_word' id='word_1_252' title='bbox 2503 3667 2596 3705; x_wconf 87' lang='lat' dir='ltr'>ne·</span> 
     </span>
     <span class='ocr_line' id='line_1_31' title="bbox 333 3731 2595 3808; baseline -0.001 -16"><span class='ocrx_word' id='word_1_253' title='bbox 333 3737 621 3808; x_wconf 74' lang='lat' dir='ltr'>quiequam</span> <span class='ocrx_word' id='word_1_254' title='bbox 665 3734 1018 3796; x_wconf 79' lang='lat' dir='ltr'><em>DE²FG²H</em></span> <span class='ocrx_word' id='word_1_255' title='bbox 1045 3741 1095 3805; x_wconf 90' lang='lat' dir='ltr'>(c</span> <span class='ocrx_word' id='word_1_256' title='bbox 1127 3740 1192 3793; x_wconf 69' lang='lat' dir='ltr'>in</span> <span class='ocrx_word' id='word_1_257' title='bbox 1224 3743 1358 3805; x_wconf 78' lang='lat' dir='ltr'>ras.)</span> <span class='ocrx_word' id='word_1_258' title='bbox 1401 3739 1483 3805; x_wconf 86' lang='lat' dir='ltr'>R,</span> <span class='ocrx_word' id='word_1_259' title='bbox 1541 3751 1773 3807; x_wconf 74' lang='lat' dir='ltr'>nequam</span> <span class='ocrx_word' id='word_1_260' title='bbox 1809 3731 2003 3793; x_wconf 77' lang='lat' dir='ltr'><em>B²M6</em></span> <span class='ocrx_word' id='word_1_261' title='bbox 2207 3737 2401 3795; x_wconf 80' lang='lat' dir='ltr'>tertius</span> <span class='ocrx_word' id='word_1_262' title='bbox 2436 3736 2595 3791; x_wconf 79' lang='lat' dir='ltr'>Har-</span> 
     </span>
     <span class='ocr_line' id='line_1_32' title="bbox 333 3821 2596 3895; baseline -0.002 -15"><span class='ocrx_word' id='word_1_263' title='bbox 333 3827 519 3891; x_wconf 63' lang='lat' dir='ltr'>mina,</span> <span class='ocrx_word' id='word_1_264' title='bbox 578 3826 748 3879; x_wconf 84' lang='lat' dir='ltr'>tritus</span> <span class='ocrx_word' id='word_1_265' title='bbox 783 3825 912 3879; x_wconf 76' lang='lat' dir='ltr'>libn&#39;</span> <span class='ocrx_word' id='word_1_266' title='bbox 947 3831 1000 3880; x_wconf 76' lang='lat' dir='ltr'>et</span> <span class='ocrx_word' id='word_1_267' title='bbox 1034 3825 1270 3880; x_wconf 69' lang='lat' dir='ltr'>editores</span> <span class='ocrx_word' id='word_1_268' title='bbox 1477 3823 1543 3879; x_wconf 80' lang='lat'>12</span> <span class='ocrx_word' id='word_1_269' title='bbox 1579 3824 1768 3895; x_wconf 87' lang='lat' dir='ltr'>deque]</span> <span class='ocrx_word' id='word_1_270' title='bbox 1805 3823 1869 3878; x_wconf 89' lang='lat' dir='ltr'>de</span> <span class='ocrx_word' id='word_1_271' title='bbox 1903 3839 2009 3894; x_wconf 88' lang='lat' dir='ltr'>qna</span> <span class='ocrx_word' id='word_1_272' title='bbox 2044 3823 2102 3879; x_wconf 83' lang='lat' dir='ltr'><em>R</em></span> <span class='ocrx_word' id='word_1_273' title='bbox 2308 3822 2375 3876; x_wconf 91' lang='lat'>13</span> <span class='ocrx_word' id='word_1_274' title='bbox 2409 3821 2596 3891; x_wconf 84' lang='lat' dir='ltr'>dispu-</span> 
     </span>
    </p>
   </div>
   <div class='ocr_carea' id='block_1_6' title="bbox 331 3906 2599 4152">
    <p class='ocr_par' dir='ltr' id='par_1_7' title="bbox 331 3906 2599 4152">
     <span class='ocr_line' id='line_1_33' title="bbox 333 3906 2599 3966; baseline -0.001 -1"><span class='ocrx_word' id='word_1_275' title='bbox 333 3913 486 3965; x_wconf 79' lang='lat' dir='ltr'>tatas</span> <span class='ocrx_word' id='word_1_276' title='bbox 526 3909 573 3966; x_wconf 75' lang='lat' dir='ltr'><strong><em>S</em></strong></span> <span class='ocrx_word' id='word_1_277' title='bbox 777 3911 846 3964; x_wconf 84' lang='lat'>14</span> <span class='ocrx_word' id='word_1_278' title='bbox 890 3925 990 3965; x_wconf 82' lang='lat' dir='ltr'>nec</span> <span class='ocrx_word' id='word_1_279' title='bbox 1032 3909 1144 3966; x_wconf 77' lang='lat' dir='ltr'>Mb</span> <span class='ocrx_word' id='word_1_280' title='bbox 1361 3911 1426 3965; x_wconf 90' lang='lat'>15</span> <span class='ocrx_word' id='word_1_281' title='bbox 1470 3912 1552 3964; x_wconf 84' lang='lat' dir='ltr'>ita</span> <span class='ocrx_word' id='word_1_282' title='bbox 1599 3910 1713 3966; x_wconf 80' lang='lat' dir='ltr'>Mb</span> <span class='ocrx_word' id='word_1_283' title='bbox 1920 3909 2111 3963; x_wconf 85' lang='lat' dir='ltr'>scribis</span> <span class='ocrx_word' id='word_1_284' title='bbox 2157 3907 2270 3962; x_wconf 75' lang='lat' dir='ltr'>Mb</span> <span class='ocrx_word' id='word_1_285' title='bbox 2475 3906 2599 3963; x_wconf 86' lang='lat' dir='ltr'>fon·</span> 
     </span>
     <span class='ocr_line' id='line_1_34' title="bbox 333 3992 2596 4065; baseline -0 -15"><span class='ocrx_word' id='word_1_286' title='bbox 333 3998 481 4050; x_wconf 84' lang='lat' dir='ltr'>sitan</span> <span class='ocrx_word' id='word_1_287' title='bbox 515 3997 572 4052; x_wconf 79' lang='lat' dir='ltr'><em>R</em></span> <span class='ocrx_word' id='word_1_288' title='bbox 785 3998 848 4051; x_wconf 88' lang='grc'>16</span> <span class='ocrx_word' id='word_1_289' title='bbox 884 3997 1284 4065; x_wconf 75' lang='lat' dir='ltr'>euuangelistas</span> <span class='ocrx_word' id='word_1_290' title='bbox 1323 3996 1369 4052; x_wconf 79' lang='lat' dir='ltr'><strong><em>S</em></strong></span> <span class='ocrx_word' id='word_1_291' title='bbox 1572 3998 1637 4050; x_wconf 80' lang='grc'>17</span> <span class='ocrx_word' id='word_1_292' title='bbox 1686 3997 1941 4064; x_wconf 81' lang='lat' dir='ltr'>plurimos</span> <span class='ocrx_word' id='word_1_293' title='bbox 1984 3994 2114 4050; x_wconf 71' lang='lat' dir='ltr'>GM</span> <span class='ocrx_word' id='word_1_294' title='bbox 2120 3993 2177 4059; x_wconf 85' lang='lat' dir='ltr'>b,</span> <span class='ocrx_word' id='word_1_295' title='bbox 2234 3992 2596 4062; x_wconf 80' lang='lat' dir='ltr'>plurimorum</span> 
     </span>
     <span class='ocr_line' id='line_1_35' title="bbox 331 4079 2596 4152; baseline -0.001 -15"><span class='ocrx_word' id='word_1_296' title='bbox 331 4084 452 4138; x_wconf 71' lang='lat' dir='ltr'>reu.</span> <span class='ocrx_word' id='word_1_297' title='bbox 490 4089 542 4138; x_wconf 80' lang='lat' dir='ltr'>et</span> <span class='ocrx_word' id='word_1_298' title='bbox 577 4083 700 4138; x_wconf 72' lang='grc' dir='ltr'>Βοὴ.</span> <span class='ocrx_word' id='word_1_299' title='bbox 913 4084 978 4138; x_wconf 89' lang='grc'>18</span> <span class='ocrx_word' id='word_1_300' title='bbox 1023 4083 1081 4137; x_wconf 91' lang='lat' dir='ltr'>in</span> <span class='ocrx_word' id='word_1_301' title='bbox 1117 4089 1247 4138; x_wconf 79' lang='lat' dir='ltr'>‹mtc</span> <span class='ocrx_word' id='word_1_302' title='bbox 1282 4082 1513 4152; x_wconf 83' lang='lat' dir='ltr'>propriis</span> <span class='ocrx_word' id='word_1_303' title='bbox 1549 4083 1680 4137; x_wconf 75' lang='lat' dir='ltr'>add.</span> <span class='ocrx_word' id='word_1_304' title='bbox 1725 4082 1791 4136; x_wconf 85' lang='grc' dir='ltr'>Μ</span> <span class='ocrx_word' id='word_1_305' title='bbox 1803 4083 1834 4136; x_wconf 84' lang='lat' dir='ltr'>b</span> <span class='ocrx_word' id='word_1_306' title='bbox 2038 4081 2102 4133; x_wconf 83' lang='lat'>21</span> <span class='ocrx_word' id='word_1_307' title='bbox 2152 4079 2469 4151; x_wconf 85' lang='lat' dir='ltr'>eruditores]</span> <span class='ocrx_word' id='word_1_308' title='bbox 2506 4097 2596 4135; x_wconf 84' lang='lat' dir='ltr'>ex-</span> 
     </span>
    </p>
   </div>
   <div class='ocr_carea' id='block_1_7' title="bbox 333 4164 2599 4410">
    <p class='ocr_par' dir='ltr' id='par_1_8' title="bbox 333 4164 2599 4410">
     <span class='ocr_line' id='line_1_36' title="bbox 333 4164 2595 4232; baseline 0 -10"><span class='ocrx_word' id='word_1_309' title='bbox 333 4167 610 4222; x_wconf 83' lang='lat' dir='ltr'>cludentes</span> <span class='ocrx_word' id='word_1_310' title='bbox 646 4168 777 4222; x_wconf 78' lang='lat' dir='ltr'>add.</span> <span class='ocrx_word' id='word_1_311' title='bbox 820 4169 874 4223; x_wconf 70' lang='lat' dir='ltr'><strong><em>G</em></strong></span> <span class='ocrx_word' id='word_1_312' title='bbox 1077 4169 1248 4223; x_wconf 76' lang='lat' dir='ltr'>nouer&#39;</span> <span class='ocrx_word' id='word_1_313' title='bbox 1285 4169 1476 4232; x_wconf 86' lang='lat' dir='ltr'>ABL,</span> <span class='ocrx_word' id='word_1_314' title='bbox 1535 4171 1803 4222; x_wconf 86' lang='lat' dir='ltr'>nonerunt</span> <span class='ocrx_word' id='word_1_315' title='bbox 1847 4164 2188 4220; x_wconf 70' lang='lat' dir='ltr'><strong><em>DEFHRS</em></strong></span> <span class='ocrx_word' id='word_1_316' title='bbox 2384 4165 2453 4220; x_wconf 81' lang='lat'>22</span> <span class='ocrx_word' id='word_1_317' title='bbox 2498 4181 2595 4223; x_wconf 82' lang='lat' dir='ltr'>nec</span> 
     </span>
     <span class='ocr_line' id='line_1_37' title="bbox 335 4250 2596 4310; baseline -0 -1"><span class='ocrx_word' id='word_1_318' title='bbox 335 4253 525 4309; x_wconf 79' lang='lat' dir='ltr'>HLM</span> <span class='ocrx_word' id='word_1_319' title='bbox 531 4255 562 4308; x_wconf 83' lang='lat' dir='ltr'>b</span> <span class='ocrx_word' id='word_1_320' title='bbox 735 4254 951 4310; x_wconf 81' lang='lat' dir='ltr'>fallatia</span> <span class='ocrx_word' id='word_1_321' title='bbox 991 4253 1044 4308; x_wconf 73' lang='lat' dir='ltr'><strong><em>G</em></strong></span> <span class='ocrx_word' id='word_1_322' title='bbox 1233 4255 1300 4309; x_wconf 82' lang='lat'>23</span> <span class='ocrx_word' id='word_1_323' title='bbox 1335 4255 1679 4307; x_wconf 86' lang='lat' dir='ltr'>temerarium</span> <span class='ocrx_word' id='word_1_324' title='bbox 1722 4253 1767 4308; x_wconf 82' lang='grc' dir='ltr'><em>Ο</em></span> <span class='ocrx_word' id='word_1_325' title='bbox 1938 4251 2115 4304; x_wconf 80' lang='lat' dir='ltr'>uitare</span> <span class='ocrx_word' id='word_1_326' title='bbox 2149 4250 2233 4305; x_wconf 61' lang='lat' dir='ltr'>H*</span> <span class='ocrx_word' id='word_1_327' title='bbox 2406 4252 2474 4307; x_wconf 82' lang='lat'>25</span> <span class='ocrx_word' id='word_1_328' title='bbox 2510 4269 2596 4308; x_wconf 78' lang='lat' dir='ltr'>ca-</span> 
     </span>
     <span class='ocr_line' id='line_1_38' title="bbox 334 4336 2599 4410; baseline -0.001 -16"><span class='ocrx_word' id='word_1_329' title='bbox 334 4339 582 4410; x_wconf 83' lang='lat' dir='ltr'>tholicae]</span> <span class='ocrx_word' id='word_1_330' title='bbox 621 4339 866 4394; x_wconf 88' lang='lat' dir='ltr'>ecclesiae</span> <span class='ocrx_word' id='word_1_331' title='bbox 901 4339 990 4394; x_wconf 73' lang='lat' dir='ltr'>uel</span> <span class='ocrx_word' id='word_1_332' title='bbox 1025 4339 1150 4394; x_wconf 87' lang='lat' dir='ltr'>fidei</span> <span class='ocrx_word' id='word_1_333' title='bbox 1185 4340 1314 4394; x_wconf 79' lang='lat' dir='ltr'>add.</span> <span class='ocrx_word' id='word_1_334' title='bbox 1350 4339 1584 4394; x_wconf 76' lang='lat' dir='ltr'>editores</span> <span class='ocrx_word' id='word_1_335' title='bbox 1790 4337 1857 4392; x_wconf 81' lang='lat'>26</span> <span class='ocrx_word' id='word_1_336' title='bbox 1893 4336 2030 4390; x_wconf 87' lang='lat' dir='ltr'>istili</span> <span class='ocrx_word' id='word_1_337' title='bbox 2067 4336 2124 4393; x_wconf 82' lang='lat' dir='ltr'>R</span> <span class='ocrx_word' id='word_1_338' title='bbox 2594 4371 2599 4377; x_wconf 82' lang='lat'><strong><em>.</em></strong></span> 
     </span>
    </p>
   </div>
  </div>
 </body>
</html>
