3175 5050
1041 396 1137 452 De
1170 398 1364 452 statu
1399 396 1661 452 animae
1695 398 1809 453 19.
2456 398 2555 465 ,49

297 586 459 670 quod
503 587 559 651 si
604 585 795 653 etiam
842 601 916 651 ex
959 585 1077 653 hoc
1120 602 1244 651 non
1286 586 1544 651 daretur
1588 588 1859 669 agnosci,
1892 586 2007 653 :uel
2048 585 2555 659 mamanifeste

298 693 504 773 posset
547 688 856 773 intellegi,
911 689 1076 771 quod
1133 688 1336 755 omnis
1396 708 1501 753 aer
1558 688 1719 772 solis.
1767 690 2123 772 praesentia
2162 690 2447 755 clarescit
2488 693 2555 755 et

297 792 672 863 tenebrescit
717 790 1018 873 absentia
1073 794 1193 860 sed
1239 795 1302 856 et
1357 790 1518 859 illud
1563 794 1876 859 :maximae
1924 793 2187 859 rationis
2234 796 2347 871 est,
2391 794 2555 877 qued

301 916 406 965 aer
448 896 665 980 ignem
705 895 948 979 patitur
989 898 1064 961 ut
1107 894 1330 971 caleat,
1388 913 1504 961 nec
1546 898 1761 961 tamen
1785 896 1885 962 ab
1928 915 2071 965 aere
2111 896 2349 981 aliquid
2390 895 2555 979 pati-

245 1020 270 1061 5
300 1000 406 1067 tur
447 998 610 1083 ignis
657 999 730 1066 ut
773 997 1021 1081 frigeat.
1098 1015 1203 1067 aer
1255 997 1647 1082 quibuslibet
1687 999 1965 1065 uasculis
1994 1000 2233 1069 includi
2264 1000 2330 1065 ert
2356 1000 2556 1070 conti·

300 1103 434 1171 neri
477 1103 704 1186 potest,
752 1120 893 1171 cum
939 1103 1055 1169 hoc
1097 1120 1347 1183 prorsus
1389 1102 1525 1186 igni
1565 1122 1689 1169 non
1731 1104 1996 1169 accidat.
2075 1104 2173 1169 est
2214 1120 2359 1185 ergo
2389 1102 2557 1185 ignis

301 1224 440 1271 aere
483 1204 812 1289 perspicua
853 1205 1096 1277 ratione
1139 1206 1577 1289 praestantior,
1636 1205 1815 1271 uisus
1858 1225 2007 1273 uero
2038 1208 2229 1274 nobis
2274 1226 2347 1271 ecx
2390 1207 2555 1291 igne,

301 1309 408 1390 qui
450 1309 666 1391 utique
709 1325 924 1373 sensus
970 1306 1209 1373 homini
1249 1308 1621 1392 belluaeque
1655 1310 2002 1375 communis
2049 1312 2166 1392 est,
2212 1310 2303 1375 sic
2345 1313 2559 1375 tamen

300 1415 372 1475 ut
416 1411 756 1477 nonnullae
815 1410 1218 1476 inrationales
1276 1410 1633 1479 animantes
1692 1430 1842 1494 prae
1897 1412 2258 1478 hominibus
2300 1414 2559 1497 uigeant

237 1536 288 1577 ιο
301 1515 582 1579 acumine
623 1514 899 1579 uidendi.
975 1514 1029 1579 si
1073 1533 1221 1597 ergo
1273 1516 1492 1599 negari
1535 1515 1753 1597 nequit
1794 1514 1969 1581 uisus
2018 1535 2088 1581 ex
2129 1516 2278 1599 igne
2332 1534 2465 1580 esse
2495 1516 2561 1580 et

302 1616 645 1682 secundum
687 1617 865 1681 tuam
921 1618 1228 1681 rationem
1271 1618 1479 1683 anima
1533 1637 1607 1683 ex
1651 1635 1810 1696 aere,
1856 1618 2229 1685 eminentior
2273 1636 2418 1700 ergo
2463 1618 2561 1683 est

303 1718 611 1802 dignitate
641 1718 1272 1786 substantiaexoculus
1301 1720 1574 1801 pecudis,
1610 1738 1799 1803 quam
1814 1721 2039 1787 ani-ma
2076 1719 2367 1799 hominis·‚
2412 1722 2560 1803 quia

301 1822 410 1890 ille
457 1841 528 1886 ex
571 1822 718 1907 igne
769 1822 832 1887 ct
865 1822 1018 1903 haec
1061 1840 1132 1889 ex
1177 1841 1338 1887 aere.

389 1940 530 2007 Non
585 1941 877 2015 inmerito
934 1941 1216 2016 animam
1272 1940 1540 2009 localem
1577 1942 1783 2035 ,putat
1840 1946 1904 2010 et
1964 1942 2239 2015 claustro
2286 1943 2562 2031 corporis

235 2070 287 2112 15
305 2044 630 2115 confirmat
673 2044 904 2119 includi
941 2046 1050 2129 qui
1091 2048 1353 2125 eandem
1383 2046 1617 2119 aeriam
1662 2046 1915 2119 iudicat.
1971 2047 2362 2122 ,alterutrum
2393 2066 2562 2123 nunc

303 2146 500 2231 igitur
546 2148 740 2231 eligas
783 2150 1060 2230 oportet:
1109 2150 1220 2220 aut
1264 2148 1631 2223 deteriorem
1676 2151 1815 2220 uisu
1859 2149 2112 2233 pecudis
2160 2149 2457 2235 animam,
2504 2149 2562 2215 si

302 2250 562 2329 aeriam,
608 2253 718 2323 aut
761 2271 881 2327 non
930 2254 1182 2337 aeriam,
1225 2252 1282 2319 si
1311 2254 1845 2337 praestantiorem.
1920 2253 2125 2323 cernis.
2153 2272 2344 2339 quam
2374 2252 2559 2325 facile

304 2355 589 2438 indoctae
631 2354 1000 2437 figmentum
1029 2356 1556 2443 praesumptionis
1586 2356 1865 2435 euanuit,
1894 2361 2337 2441 praeterquam
2368 2354 2561 2425 innu-

305 2476 476 2530 mera
529 2476 717 2541 super
768 2458 884 2524 hoc
941 2460 1365 2546 argumentari
1423 2460 1967 2544 promptissimum
2033 2462 2150 2538 est.
2228 2476 2449 2544 nempe
2504 2458 2563 2524 si

233 2586 288 2626 20
306 2565 476 2633 aeria
521 2566 636 2644 est,
695 2580 838 2644 ergo
894 2564 1186 2634 tenebrae
1240 2564 1413 2637 illius
1472 2564 1749 2648 corporei
1790 2563 1975 2636 huius
2016 2563 2187 2640 solis
2242 2563 2563 2636 abscessus

305 2669 368 2732 et
412 2667 523 2736 lux
579 2665 714 2736 eius
759 2665 942 2740 huius
995 2665 1192 2747 ipsius
1234 2667 1456 2745 itidem
1481 2666 1649 2738 ,solis
1699 2666 2001 2744 aduentus
2046 2669 2161 2734 est.
2208 2665 2562 2755 falsumque

301 2769 425 2837 erit
454 2767 634 2850 illud,
667 2769 830 2852 quod
861 2769 1250 2855 euangelista
1273 2771 1643 2861 pronuntiat
1688 2769 1932 2841 dicens:
1971 2772 2141 2842 erat
2168 2771 2307 2840 lux
2327 2789 2379 2840 ,τι
2398 2787 2558 2848 era,

306 2887 500 2955 quae
531 2871 964 2950 inluminat
993 2889 1284 2941 omnem
1315 2873 1721 2942 hominem
1746 2873 2201 2945 uenientem
2246 2874 2326 2944 in
2354 2872 2562 2940 huuc

303 2994 478 3040 mun
493 2975 697 3053 dum,
756 2977 820 3039 et
875 2973 1036 3050 illud
1098 2976 1262 3068 quod
1317 2977 1623 3062 propheta
1682 2977 1797 3053 sub
1842 2981 2249 3068 'peccatorum
2299 2993 2562 3058 persona

511 3185 580 3239 22
611 3185 798 3246 Ioann.
837 3186 885 3251 1,
921 3185 954 3238 9

413 3381 441 3435 1
489 3379 701 3434 etiamsi
750 3380 804 3434 G
891 3445 898 3450 .
997 3379 1032 3433 2
1065 3381 1245 3448 posset
1285 3379 1398 3447 G—S,
1460 3377 1631 3448 possit
1665 3378 1783 3433 rell.
1980 3377 2015 3430 3
2048 3377 2276 3432 maxime
2310 3378 2429 3437 HR

305 3467 343 3530 4
377 3466 444 3522 ab
481 3467 622 3536 aere]
657 3465 850 3520 habere
885 3466 941 3520 A
1147 3465 1180 3518 6
1213 3480 1402 3536 persus
1439 3465 1488 3522 S
1670 3465 1879 3522 accidat
1912 3465 2143 3533 EUM,
2202 3465 2415 3526 accedat
2448 3465 2567 3520 rell.

304 3569 432 3609 cum
477 3553 589 3608 PT
801 3552 832 3606 7
880 3552 1188 3621 praespicua
1236 3552 1556 3622 (prospicua)
1602 3550 2005 3612 AB¹0F¹H²R
2206 3551 2329 3624 igni
2376 3551 2430 3608 G-

304 3637 452 3707 igne]
490 3641 574 3692 est
609 3637 740 3696 add.
777 3638 895 3693 Sch.
1101 3638 1135 3691 9
1169 3641 1236 3700 ut
1269 3637 1395 3704 Mb,
1457 3638 1601 3706 quod
1637 3638 1750 3694 rell.
1787 3643 1841 3692 et
1874 3637 1996 3694 Sele.
2189 3638 2339 3711 nulle
2372 3638 2429 3697 R

305 3724 530 3792 uigeant
565 3723 677 3777 Mb
705 3723 853 3788 Βοὴ,
909 3725 1101 3794 uigent
1134 3723 1252 3778 rell.
1462 3725 1528 3778 10
1574 3723 1718 3793 crgo]
1756 3726 1821 3779 ut
1854 3723 1985 3778 add.
2014 3724 2075 3776 G
2278 3737 2475 3790 negare
2510 3724 2566 3776 A

305 3809 444 3869 ΒΡ
504 3823 510 3830 ·
637 3809 846 3876 nequit]
881 3809 1077 3878 nequid
1111 3808 1197 3876 R,
1257 3807 1400 3880 quod
1433 3809 1562 3863 add.
1591 3811 1662 3878 1⁰²
1698 3808 1817 3866 Βοὴ.
2005 3809 2125 3877 igni
2164 3807 2430 3864 GH¹MR

305 3904 369 3950 ee
415 3892 618 3962 HMS,
678 3898 762 3948 est
802 3893 918 3950 rell.
961 3899 1013 3948 ct
1053 3893 1170 3949 Βοὴ.
1365 3895 1446 3954 ,12
1491 3894 1661 3956 oculis
1717 3894 1763 3949 Ο
1967 3894 2034 3948 14
2079 3893 2207 3962 non]
2258 3907 2385 3960 ergo
2434 3891 2562 3954 add.

308 3982 341 4036 b
551 3981 617 4034 15
650 3979 780 4050 quia
814 3979 846 4033 b
1049 3997 1224 4037 aerem
1259 3981 1315 4037 R
1339 3980 1458 4036 Sch.
1670 3979 1735 4034 16
1780 3978 1954 4048 igitur
2000 3994 2103 4034 om.
2147 3977 2437 4035 ABDEF

311 4067 376 4122 17
415 4071 543 4137 post
577 4065 750 4120 cernis
783 4066 1192 4134 interpwnyunt
1223 4065 1675 4123 ABGDEFGH
1867 4064 2020 4120 facili
2058 4064 2111 4120 G
2319 4064 2385 4118 18
2418 4079 2566 4132 prae·

307 4155 460 4208 terea
504 4168 664 4221 quam
710 4151 848 4206 coni.
895 4150 1195 4216 Baalim,
1252 4153 1459 4222 praeter
1505 4150 1605 4206 hoc
1649 4150 1790 4221 quod
1826 4153 1898 4220 1⁰²
2116 4149 2182 4204 19
2230 4148 2570 4218 augmentari

310 4238 368 4294 B
613 4239 682 4292 20
717 4253 871 4292 aerea
903 4235 1076 4289 ΑΒΓ
1097 4237 1307 4305 passim
1557 4237 1623 4291 21
1663 4235 1862 4290 ididem
1896 4235 1951 4292 R
2202 4233 2271 4289 22
2306 4249 2569 4303 euuange-

309 4324 444 4380 lista
485 4322 534 4378 S

413 4425 512 4481 XI.
2328 4422 2365 4477 4
