3175 5050
667 432 796 498 194
1435 428 1805 486 Claudiani
1839 427 2154 484 Mamerti

665 622 1010 706 pondere
1076 621 1594 704 disposuisse,
1657 623 1764 687 sed
1829 621 1947 686 hoc
2020 620 2143 686 alio
2217 621 2400 686 modo
2476 621 2556 687 ad
2632 621 2912 704 spiritum

665 724 1038 792 rationalem
1095 723 1332 803 referri,
1398 722 1560 807 quod
1612 724 1679 788 in
1736 723 2257 807 consequentibus
2317 725 2673 804 dicendum,
2718 724 2913 790 uideo.

667 848 832 896 nunc
875 845 1021 896 uero
1067 829 1142 893 de
1185 843 1434 910 corpore
1481 843 1640 909 quae
1696 828 2010 909 coepimus
2065 827 2469 908 explicemus
2547 827 2715 893 sicut
2760 827 2914 894 enim

669 933 939 1000 diximus
985 949 1107 996 non
1152 931 1268 996 hoc
1313 947 1446 996 esse
1495 949 1798 1015 magnum
1843 934 2006 1014 quod
2050 930 2443 1014 magnitudo,
2488 930 2577 994 sic
2607 947 2725 996 nec
2753 949 2916 994 men-

665 1054 812 1100 sura
865 1036 1028 1118 quod
1083 1032 1521 1118 mensurabile,
1589 1052 1703 1099 nec
1760 1051 2059 1098 numerus
2113 1033 2275 1115 quod
2339 1033 2750 1119 numerabile,
2816 1050 2918 1098 nec
2950 1058 2973 1098 5

668 1138 906 1220 pondus
981 1138 1142 1220 quod
1224 1136 1647 1218 ponderabile.
1745 1133 2131 1222 minu<itur>
2206 1134 2432 1218 igitur,
2502 1139 2801 1220 quoniam
2860 1137 2918 1200 in

669 1242 806 1307 tota,
845 1243 1023 1323 parte
1071 1238 1264 1304 habet
1293 1255 1543 1305 sursum
1586 1239 1655 1304 et
1698 1239 2005 1318 deorsum,
2063 1237 2256 1305 habet
2301 1239 2620 1304 dexteram
2664 1241 2733 1305 et
2776 1238 2917 1304 sini-

669 1345 881 1422 stram,
939 1341 1133 1408 habet
1187 1342 1335 1406 ante
1389 1342 1456 1406 et
1509 1341 1700 1406 retro.
1767 1344 2055 1408 mouetur
2110 1359 2221 1425 per
2275 1342 2529 1425 tempus
2596 1345 2662 1408 et
2721 1342 2917 1408 locum

670 1465 784 1512 nec
826 1445 1064 1512 iudicat
1107 1445 1174 1509 et
1213 1443 1544 1522 iudicatur,
1596 1444 1884 1527 partibus
1930 1445 2177 1514 secatur
2219 1445 2489 1511 infinite.

755 1573 888 1650 Age
943 1583 1107 1631 nunc
1161 1564 1486 1631 uideamus
1544 1564 1697 1648 quid
1756 1566 1845 1631 sit
1901 1569 2060 1650 quod
2106 1584 2323 1650 corpus
2368 1566 2652 1633 uiuificat
2696 1569 2764 1633 et
2807 1584 2918 1631 non
2935 1595 2981 1634 ιο

669 1669 999 1735 sentificat.
1066 1668 1291 1734 melius
1339 1669 1506 1734 enim
1551 1673 1958 1750 coaequatum
2004 1673 2099 1735 est
2143 1668 2315 1736 uitae
2357 1671 2445 1754 id,
2493 1670 2658 1753 quod
2704 1670 2921 1753 accipit

670 1774 734 1838 et
777 1771 941 1855 quod
998 1770 1125 1836 dat.
1205 1772 1339 1837 uita
1394 1769 1584 1850 enim,
1648 1789 1805 1854 quae
1848 1790 1971 1838 non
2016 1773 2113 1837 est
2155 1772 2361 1838 minor
2403 1772 2470 1838 in
2516 1776 2701 1856 parte
2747 1791 2920 1857 quam

669 1877 736 1941 in
797 1877 928 1941 toto
986 1876 1050 1939 et
1105 1892 1230 1939 non
1287 1875 1455 1957 parti
1519 1875 1748 1940 minori
1804 1875 2011 1940 minor
2076 1879 2170 1940 est
2228 1895 2341 1942 nec
2384 1880 2629 1959 partem
2672 1878 2923 1961 praebet

670 1977 893 2044 maiori
939 1979 1238 2043 maiorem
1285 1978 1350 2042 et
1392 1979 1618 2044 minori
1661 1977 1987 2061 minorem,
2032 1996 2157 2045 non
2188 1980 2284 2044 est
2314 1997 2558 2063 corpuS,
2605 1983 2715 2046 sed
2747 1979 2919 2063 spiri·

673 2080 796 2146 tus.
871 2082 1128 2163 spiritus
1193 2080 1446 2164 pecoriS,
1511 2081 1622 2164 qui
1680 2100 1803 2147 non
1862 2081 2149 2147 subsistit
2223 2067 2363 2165 post
2431 2100 2673 2166 corpus,
2754 2101 2980 2166 prae-1⁵
3100 2147 3102 2156 ,

672 2186 1112 2252 termittendus
1174 2185 1262 2251 ibi
1317 2189 1431 2268 est,
1497 2187 1570 2251 ut
1636 2187 1716 2251 ad
1780 2185 2160 2252 rationalem
2224 2186 2517 2269 spiritum
2582 2187 2920 2252 ueniamus.

674 2288 868 2373 igitur
923 2289 1182 2372 spiritus
1236 2289 1658 2370 quantitatem
1717 2308 1838 2356 non
1897 2290 2102 2368 habet,
2180 2289 2237 2355 si
2292 2309 2442 2356 uero
2496 2290 2729 2375 longus
2776 2288 2926 2356 esset

675 2395 786 2459 aut
857 2392 1043 2472 latus,
1119 2393 1389 2475 quantus
1456 2393 1578 2459 rite
1644 2393 1860 2474 utique
1925 2394 2254 2459 diceretur.
2346 2396 2687 2476 prudenter
2768 2397 2921 2460 enim

675 2494 1020 2563 secernitur
1074 2496 1142 2561 et
1195 2498 1557 2580 segregatur
1601 2513 1639 2561 a
1682 2513 1953 2579 corpore,
2011 2497 2157 2580 quia
2218 2496 2559 2580 quantitati
2612 2515 2745 2563 non
2788 2497 2923 2565 snb·
3098 2552 3100 2561 .

673 2604 854 2677 iacet,
903 2600 1190 2683 quamuis
1233 2600 1556 2665 subiaceat
1598 2599 1910 2682 qualitati.
1978 2600 2269 2666 accidunt
2301 2603 2509 2666 animo
2540 2601 2981 2687 disciplinatam

679 2704 902 2771 accidit
944 2702 1192 2769 iustitia
1236 2704 1299 2767 et
1341 2702 1684 2783 iniustitia,
1732 2703 1992 2769 castitas
2038 2705 2103 2769 et
2148 2702 2359 2769 libido.
2432 2707 2735 2787 quattuor
2768 2706 2923 2771 enim

675 2810 822 2874 sunt
886 2806 1148 2872 uirtutes
1213 2807 1605 2889 principaleS,
1671 2806 1739 2871 id
1804 2810 1903 2873 est
1967 2808 2304 2890 prudentia
2374 2814 2437 2875 et
2482 2811 2919 2891 temperantia,

677 2910 980 2977 fortitudo
1027 2914 1088 2974 et
1131 2908 1390 2975 iustitia.
1460 2928 1584 2975 non
1631 2910 1799 2975 enim
1831 2909 1949 2975 hoc
1976 2912 2071 2977 est
2100 2911 2347 2976 animus
2383 2911 2737 2999 (prudens)
2772 2912 2923 2997 quod

678 3012 1023 3098 prudentia,
1098 3030 1210 3077 nec
1280 3013 1482 3078 iustus
1557 3014 1719 3097 quod
1784 3013 2049 3094 iustitia,
2122 3033 2236 3081 nec
2306 3018 2693 3099 temperatus
2771 3016 2923 3100 quod

677 3114 1112 3198 temperantia,
1160 3133 1270 3180 nec
1313 3114 1491 3181 fortis
1535 3117 1700 3197 quod
1746 3116 2065 3183 fortitudo.
2127 3117 2301 3185 aliud
2330 3122 2428 3183 est
2462 3136 2596 3183 esse
2628 3120 2979 3197 animumn

679 3218 850 3285 aliud
903 3217 1140 3283 iustum
1197 3219 1493 3283 animum.
1573 3237 1717 3283 cum
1773 3220 1939 3285 enim
1996 3220 2128 3287 dico
2173 3221 2411 3287 iustum
2457 3222 2767 3305 animum,
2814 3226 2921 3289 duo

783 3496 814 3547 1
850 3492 970 3563 hoc]
1009 3492 1063 3545 h‘
1099 3492 1193 3555 M,
1253 3492 1344 3546 hic
1381 3493 1613 3548 editores
1814 3492 1848 3546 2
1892 3494 2081 3548 referri
2128 3493 2186 3562 b,
2246 3494 2443 3549 referre
2477 3496 2553 3549 M
2754 3512 2921 3553 enun-

679 3580 810 3635 tiati
859 3578 1360 3646 interpunctionem
1415 3579 1647 3633 correxit
1704 3578 2054 3634 Schenkelius
2304 3582 2339 3635 3
2392 3582 2630 3650 cepimus
2684 3584 2800 3637 Mb

679 3666 713 3719 6
763 3664 1031 3718 minuitur
1077 3664 1250 3731 igitur
1297 3664 1352 3732 b,
1416 3664 1590 3718 minor
1629 3670 1656 3716 e
1692 3664 1865 3733 igitur
1909 3666 2003 3733 M,
2056 3668 2257 3721 rectius
2294 3666 2533 3733 fortasse
2568 3684 2596 3722 e
2630 3669 2832 3725 codicis
2863 3666 2927 3720 M

679 3751 907 3806 lectione
970 3747 1341 3817 minu[ig]itur
1396 3750 1703 3803 restitueris
1963 3752 2258 3806 uerborum
2315 3755 2747 3821 transpositione
2803 3768 2925 3808 usus

681 3836 948 3890 minuitur
1001 3835 1174 3903 igitur
1225 3836 1285 3889 iu
1329 3838 1449 3889 tota
1493 3840 1649 3904 parte
1694 3837 1943 3905 quoniam
1988 3837 2155 3891 habet
2202 3838 2401 3893 suadet
2450 3838 2801 3895 Schenkelius

683 3923 934 3991 quoniam
985 3920 1041 3986 b,
1096 3924 1233 3991 equii
1287 3922 1364 3975 M
1582 3923 1613 3975 7
1668 3922 1905 3978 dextram
1960 3923 1991 3976 b
2209 3926 2273 3979 11
2328 3926 2475 3978 uitae
2526 3926 2756 3995 scripsi,
2816 3926 2923 3979 uita

679 4010 792 4063 Mb
998 4007 1056 4061 id
1109 4008 1200 4074 M,
1261 4011 1318 4063 et
1372 4009 1607 4064 editores
1826 4010 2021 4079 accipit
2074 4009 2133 4075 b,
2194 4010 2391 4065 accidit
2444 4012 2516 4065 M
2739 4013 2805 4067 16
2850 4010 2921 4065 ibi

680 4095 906 4163 scripsi,
965 4094 1070 4147 tibi
1103 4095 1319 4149 mauult
1357 4095 1734 4161 Schenkelius,
1792 4096 1892 4160 tib;
1928 4097 2024 4161 M,
2079 4112 2177 4152 om.
2218 4096 2451 4151 editores
2645 4098 2714 4155 ad
2745 4113 2920 4166 super-

679 4196 784 4239 scr.
836 4180 928 4235 Μι
1135 4181 1204 4235 22
1255 4185 1310 4236 et
1363 4198 1462 4237 om.
1519 4182 1753 4237 editores
1956 4184 2025 4237 23
2078 4184 2291 4237 animus
2335 4186 2557 4253 scripsi,
2620 4185 2803 4239 animii
2844 4182 2923 4246 M,

681 4282 959 4423 ai‘izidmaMb’,
1019 4284 1185 4338 animi
1215 4286 1286 4353 p²
1489 4285 1723 4356 prudens
1760 4285 1890 4341 add.
1928 4284 2303 4352 Schenkelius‚
2366 4302 2465 4341 om.
2502 4288 2574 4341 M
2776 4288 2841 4342 25
2872 4271 2923 4340 ὦ

677 4386 714 4423 α
798 4408 812 4422 .
