3175 5050
1042 430 1134 483 De
1171 428 1364 483 statu
1397 428 1659 485 animae
1691 430 1722 485 1
1757 430 1841 485 24.
1953 461 1957 466 -
2484 432 2571 499 85

306 616 652 683 inlusiones
696 616 771 683 in
811 617 1114 684 memoria
1170 617 1410 697 patitur
1451 618 1679 693 anima,
1726 636 1799 683 ex
1842 636 1965 701 qua
2009 617 2169 685 nihil
2211 620 2571 703 phantasia-

315 740 456 787 rum
501 720 870 785 reuentilare
929 738 1002 793 ac
1045 718 1316 802 proferre
1369 721 1597 802 posset,
1642 721 1765 787 nisi
1809 722 2052 787 easdem
2096 740 2134 787 a
2174 723 2391 789 formis
2437 742 2567 790 cor·

309 842 538 908 porum
581 842 690 905 per
735 840 1053 906 corporeos
1089 839 1305 888 sensus
1364 823 1691 891 hausisset.
1768 825 1900 890 siue
1944 826 2111 919 enim
2156 829 2371 893 eadem
2416 846 2571 912 quae

313 946 425 1011 per
471 944 686 1008 corpus
731 926 1003 991 adtraxit
1045 926 1311 991 sibimet
1355 927 1743 1011 imaginatur
1786 929 1921 993 siue
1966 948 2041 995 ex
2090 929 2188 995 his
2220 948 2377 1012 quae
2406 931 2573 997 uidit

264 1056 298 1097 ⁵
314 1029 430 1096 illa
485 1047 638 1111 quae
697 1047 820 1093 non
875 1029 1040 1095 uidit
1094 1030 1402 1095 coniectat
1459 1031 1649 1112 atque
1706 1015 2023 1113 confingit,
2076 1036 2315 1100 certum
2359 1033 2570 1099 tamen

315 1135 414 1199 est
457 1132 792 1215 imaginari
825 1132 1006 1199 illam
1049 1134 1214 1198 intra
1257 1133 1572 1216 quendam
1614 1136 1899 1199 uentrem
1945 1138 2280 1202 memoriae
2334 1155 2569 1219 nequa-

320 1253 507 1317 quam
552 1253 732 1317 posse
775 1235 918 1305 nisi·
941 1254 1031 1315 ea,
1081 1254 1234 1318 quae
1278 1255 1390 1318 per
1434 1253 1655 1319 corpus
1702 1240 1955 1320 accepit.
2025 1239 2090 1303 et
2140 1239 2291 1305 haec
2319 1239 2417 1305 illi
2450 1260 2571 1305 non

317 1338 651 1420 naturalia,
697 1340 808 1403 sed
850 1340 1132 1421 poenalia
1161 1344 1328 1418 sunt,
1373 1344 1466 1419 ut,
1512 1341 1806 1422 quoniam
1840 1359 1877 1406 a
1912 1359 2157 1408 summo
2202 1342 2363 1409 bono
2410 1344 2570 1425 quod

317 1442 377 1507 ei
439 1446 590 1509 deus
648 1442 740 1507 est
804 1441 1133 1507 inlecebris
1192 1442 1456 1525 pellecta
1521 1444 1829 1524 corporeis
1888 1444 2149 1511 defluxit
2204 1446 2272 1510 in
2328 1464 2569 1528 corpus,

243 1576 300 1616 ιο
313 1564 610 1631 persuasa
652 1545 933 1627 patiatur
977 1544 1138 1611 illud
1182 1546 1352 1611 intra
1396 1550 1600 1611 semet
1643 1546 1847 1628 ipsam
1890 1548 2067 1627 iuste,
2116 1550 2278 1630 quod
2306 1553 2479 1615 extra
2508 1570 2599 1637 se¹

317 1648 539 1715 dilexit
595 1648 878 1715 iniusta·
924 1666 1048 1713 non
1109 1667 1254 1731 ergo
1299 1647 1458 1713 mihi
1501 1648 1574 1713 tu
1618 1649 1777 1715 illud
1823 1668 1953 1723 esse
1999 1655 2273 1716 animam
2314 1671 2572 1735 persua-

315 1754 464 1819 dere
517 1754 696 1831 uelis,
759 1770 878 1834 quo
922 1750 1272 1833 perturbari
1314 1750 1523 1835 potius
1569 1752 1831 1817 eandem
1876 1752 2070 1819 uides.
2142 1754 2258 1819 illa
2301 1773 2571 1839 namque

317 1856 375 1921 si
418 1856 488 1920 in
530 1856 730 1919 status
773 1853 1020 1937 pristini
1065 1854 1454 1919 sublimitate
1485 1856 1839 1940 mansisset,
1868 1874 1906 1921 a
1936 1874 2055 1939 quo
2086 1861 2305 1939 sponte
2334 1859 2572 1942 dilapsa

317 1960 432 2037 est,
476 1976 818 2040 numquam
866 1961 1082 2023 contra
1111 1958 1404 2040 spiritum
1435 1976 1597 2034 caro,
1646 1977 1757 2024 nec
1788 1962 2005 2026 contra
2034 1978 2279 2027 carnem
2309 1962 2570 2045 spIritus

241 2092 298 2134 1⁵
319 2063 736 2145 concupisset,
797 2064 860 2125 et
927 2059 981 2124 si
1049 2060 1233 2127 homo
1293 2080 1498 2141 uerus,
1542 2062 1657 2127 hoc
1704 2065 1799 2127 est
1841 2066 2053 2129 anima
2095 2066 2417 2133 rationalis
2461 2068 2571 2134 ho-

317 2170 536 2231 norem
593 2183 798 2249 suum,
866 2166 1204 2247 imaginem
1263 2165 1506 2231 scilicet
1573 2165 1672 2231 dei
1736 2166 2165 2250 intellexisset,
2224 2188 2569 2254 numquam

313 2267 894 2352 insipientibus
949 2268 1176 2333 fuisset
1221 2270 1650 2351 conparata
1690 2270 2096 2345 iumentis,
2156 2272 2453 2339 uidelicet
2498 2281 2571 2343 ut

315 2372 674 2439 animaliter
726 2371 992 2437 uiueret.
1067 2371 1214 2436 hinc
1271 2374 1366 2437 est
1422 2371 1531 2436 ille
1587 2390 1733 2455 prae
1788 2372 1985 2439 oculis
2032 2374 2162 2440 eius
2216 2369 2569 2460 imaginum

318 2492 748 2560 corporearum
803 2475 1116 2542 tumultus
1175 2493 1241 2540 se
1297 2493 1539 2559 semper
1582 2476 1923 2557 obiectanS,
1968 2480 2041 2542 ut
2086 2478 2141 2544 si
2184 2482 2425 2574 quando
2469 2484 2574 2550 uel

239 2612 300 2654 20
317 2581 400 2645 ad
465 2599 531 2644 se
597 2580 703 2644 uel
771 2579 850 2644 ad
919 2582 1102 2645 deum
1159 2598 1346 2646 suum
1399 2574 1825 2648 ratiocinando
1880 2581 2126 2666 nititur,
2187 2603 2433 2668 semper
2495 2587 2574 2652 ad

319 2701 612 2766 corporea
653 2683 998 2764 phantasiis
1057 2683 1322 2766 corporis
1369 2686 1680 2750 auocetur.

401 2805 496 2870 Tu
561 2805 723 2868 enim
769 2823 914 2870 cum
957 2804 1112 2870 dicis
1155 2805 1325 2871 aliud
1379 2823 1506 2870 esse
1553 2806 1850 2887 animam,
1878 2808 2063 2873 ⁴aliud
2112 2810 2357 2874 animae
2400 2809 2571 2892 cogi-

313 2911 642 2992 tationem,
689 2909 917 2973 melius
962 2909 1226 2976 fortasse
1269 2909 1526 2976 dixisses
1572 2911 1703 2992 illa,
1750 2914 1827 2978 de
1870 2911 2097 2995 quibus
2126 2911 2384 2996 cogitat,
2430 2930 2573 2976 cum

315 3013 392 3076 de
436 3031 502 3077 se
547 3031 668 3077 non
714 3013 970 3096 cogitat,
1017 3031 1140 3078 non
1182 3029 1314 3079 esse
1360 3014 1656 3093 animam,
1700 3015 1905 3097 ipsam
1942 3033 2089 3080 uero
2132 3013 2572 3098 cogitationem

239 3148 299 3188 25
317 3131 441 3180 non
485 3134 616 3180 esse
663 3116 795 3181 nisis
833 3115 1128 3196 animam,
1176 3117 1324 3199 quia
1367 3116 1544 3202 illud,
1610 3118 1773 3200 quod
1818 3117 2252 3197 subiciendum
2296 3136 2426 3185 esse
2472 3119 2569 3184 di·
2666 3178 2669 3181 ,

316 3218 485 3298 xisti,
544 3221 801 3284 eatenus
855 3219 1129 3285 animam
1187 3220 1386 3284 solere
1433 3222 1837 3304 requiescere,
1893 3225 1977 3287 vut
2043 3240 2293 3305 prorsus
2338 3221 2571 3304 cogitet

521 3389 588 3444 17
622 3390 819 3444 Psalm.
855 3391 941 3457 48,
982 3392 1048 3445 13
1085 3394 1140 3445 et
1173 3391 1239 3446 21

417 3549 454 3601 2
486 3549 665 3616 posset
698 3546 900 3613 ffLS,
961 3548 1130 3616 possit
1163 3548 1280 3603 rell.
1309 3553 1360 3603 ct
1384 3529 1621 3604 edito‘res
1824 3548 1861 3602 3
1895 3547 2125 3602 ausisset
2159 3547 2231 3614 R,
2292 3547 2572 3603 habuisset

315 3631 374 3688 G‘
555 3633 592 3685 4
626 3648 720 3700 per
755 3648 855 3687 om.
891 3634 948 3688 A
1135 3634 1202 3687 10
1235 3649 1487 3702 persuasa
1521 3634 1600 3689 M
1604 3634 1662 3701 b,
1722 3649 1825 3690 om.
1857 3635 1974 3688 rell.
2016 3639 2067 3688 et
2100 3633 2221 3689 Βοὴ.
2392 3635 2570 3702 ipsum

313 3717 673 3773 A¹BF1H¹R
695 3717 815 3774 Βοὴ.
990 3719 1420 3789 quod—iniuste
1442 3735 1541 3774 om.
1567 3719 1702 3773 M1b
1876 3719 1945 3774 12
1968 3718 2108 3789 quod
2130 3718 2443 3774 ABDE²F

314 3802 500 3857 eadem
552 3803 628 3858 Μ
633 3804 665 3858 b
869 3805 1022 3860 illam
1075 3805 1132 3862 R
1351 3807 1419 3861 15
1471 3805 1810 3874 concupiscet
1868 3805 1988 3872 ob,
2060 3806 2461 3873 concupisceret
2505 3819 2569 3874 p,

309 3889 685 3958 concupiscere
716 3893 781 3958 ρ’
971 3893 1032 3945 16
1067 3892 1294 3946 suumllll
1328 3893 1384 3948 R
1559 3891 1647 3946 dei
1682 3907 1783 3946 om.
1824 3891 1877 3948 G
2048 3892 2115 3944 17
2150 3891 2364 3945 fecisset
2390 3906 2435 3960 p

316 3975 385 4029 18
420 3975 710 4042 imaginem
744 3975 910 4030 BFP
1115 3979 1179 4033 19
1215 3993 1269 4032 se
1305 3994 1406 4035 om.
1450 3977 1502 4034 θ’·
1710 3977 1779 4032 20
1812 3979 2055 4031 nutritur
2091 3976 2147 4033 R
2350 3975 2417 4030 21
2454 3973 2577 4030 coi·-

314 4060 490 4128 poreis
543 4061 672 4116 lam·
715 4067 944 4130 praeter
1007 4063 1264 4120 (ΗΡΘ-Μ
1312 4069 1364 4118 et
1417 4062 1540 4118 Sch.
1795 4064 2043 4116 euocetur
2094 4063 2171 4116 M
2171 4061 2235 4127 h,
2296 4063 2575 4116 senocetur

310 4146 590 4231 Rogamus
815 4147 884 4202 23
937 4148 1122 4202 anima
1175 4154 1304 4204 ante
1356 4165 1474 4204 cum
1527 4148 1727 4203 merit
1778 4147 1901 4202 8οή.
2140 4146 2210 4202 25
2257 4148 2388 4235 quia
2432 4147 2575 4202 illud

312 4239 458 4355 ‹3135351
497 4266 544 4321 s
733 4265 938 4319 duxisti
974 4267 1244 4324 AGHLR
1449 4269 1518 4322 26
1554 4268 1791 4322 adsoiero
1837 4266 1889 4322 G
2081 4268 2343 4337 quiescere
2383 4267 2436 4324 a

311 4371 519 4440 cogitat
556 4367 871 4426 ABL¹RS¹
