3175 5050
1002 457 1089 509 De
1124 457 1316 509 statu
1352 435 1617 509 animae
1664 455 1755 512 111
1790 455 1841 508 9.
2426 456 2553 522 169

287 647 606 723 menteris,
669 645 1028 712 intersitum
1075 644 1230 710 locis
1275 646 1506 710 merita
1547 646 1833 723 secernit,
1882 645 1996 710 sub
2046 645 2243 728 ipsius
2291 643 2555 728 capituli

288 749 384 814 tui
446 749 833 816 discussione
891 748 1239 814 uideamus.
1314 749 1406 814 sic
1458 767 1727 830 namque
1770 748 2101 813 dissertas:
2150 751 2216 814 si
2258 747 2557 812 locales

289 872 434 918 non
495 854 682 918 sunt
740 855 1076 934 animae,
1137 871 1279 935 quo
1333 855 1554 919 modo
1600 856 2063 935 peccatores
2108 873 2146 918 a
2192 853 2557 918 coetibus

292 955 879 1039 consortiisque
938 956 1332 1020 iustorum
1390 975 1725 1022 uacuum
1784 957 1990 1022 illud
2040 957 2269 1022 chaos
2318 956 2557 1021 tristi

249 1059 874 1125 cinteriectione
935 1060 1476 1140 discriminat,
1537 1065 1619 1126 ut
1678 1079 1921 1144 neque
1966 1062 2143 1126 hinc
2187 1059 2338 1125 illo
2384 1077 2555 1142 pos-

291 1165 452 1228 sint
523 1163 889 1228 accedere
971 1181 1220 1246 neque
1295 1165 1471 1229 inde
1557 1165 1706 1230 huc
1786 1165 2319 1229 transmeare?
2384 1160 2553 1228 istud

292 1265 685 1349 euangelicae
727 1266 1014 1330 lectionis
1060 1267 1410 1348 exemplum
1469 1267 1761 1350 adempta
1812 1267 2106 1333 dominici
2150 1266 2555 1348 simplicitate

292 1371 592 1434 sermonis
637 1387 748 1452 pro
793 1369 1174 1434 adstruenda
1203 1369 1498 1435 uidelicet
1529 1371 1883 1435 animarum
1912 1370 2233 1435 localitate
2264 1368 2551 1453 posuisti.

291 1471 399 1536 sed
462 1473 696 1537 oraculi
755 1472 958 1537 diuini
1017 1471 1330 1544 sincerum
1389 1475 1456 1537 in
1501 1473 1601 1538 sui
1644 1475 1911 1538 ueritate
1962 1473 2280 1555 prolatum
2326 1471 2551 1553 oppido

224 1601 272 1640 10
290 1575 644 1656 patefaciet,
691 1576 838 1657 quid
883 1575 1028 1642 istic
1071 1593 1271 1640 sermo
1316 1577 1464 1640 tuus
1512 1575 1856 1645 uariauerit
1922 1576 2244 1640 uitiauerit
2300 1575 2549 1639 texerit.

293 1677 446 1744 dicit
490 1679 557 1742 in
602 1679 924 1762 euangelio
971 1679 1294 1745 dominus:
1353 1681 1715 1743 mortuus
1762 1681 1882 1742 est
1925 1697 2218 1760 pauper
2263 1680 2339 1742 et
2384 1680 2553 1744 sub·

290 1782 512 1846 latus
578 1782 698 1845 est
762 1784 854 1847 ab
921 1782 1232 1865 angelis
1301 1781 1380 1846 in
1445 1783 1707 1846 sinum
1767 1783 2147 1870 Abrahae,
2195 1785 2553 1845 mortuus

288 1887 408 1949 est
455 1886 527 1949 et
591 1887 818 1950 diues
859 1887 936 1950 et
979 1886 1341 1968 sepultus
1410 1887 1527 1950 est
1583 1888 1662 1950 in
1719 1885 2147 1952 infernum.
2224 1901 2556 1967 cumque

289 1991 498 2053 esset
540 1988 620 2053 in
655 1989 1114 2068 tormentis,
1163 1989 1380 2054 uidit
1433 1988 1827 2054 Abraham
1861 2007 1899 2054 a
1928 1991 2160 2073 longe
2204 1989 2281 2052 et
2322 1987 2551 2051 Laza-

217 2110 454 2156 asrum
519 2095 595 2156 in
661 2097 837 2157 sinu
896 2091 1066 2157 eius
1126 2093 1200 2157 et
1258 2091 1489 2158 dicit:
1557 2094 1782 2174 pater
1842 2092 2273 2176 Abraham,
2318 2093 2553 2156 mitte

287 2195 664 2260 Lazarum
694 2198 779 2258 ut
822 2195 1236 2279 intinguat
1283 2195 1694 2261 minimum
1742 2191 2248 2278 digit'isuiin
2278 2212 2552 2278 aquam

289 2299 366 2361 et
409 2297 858 2380 refrigeret
901 2300 1264 2382 linguam
1321 2318 1600 2375 meam,
1664 2300 1845 2381 quia
1910 2299 2221 2364 crucior
2280 2298 2365 2362 in
2410 2298 2553 2362 hac

288 2399 630 2465 flamma.
723 2405 798 2464 et
884 2401 1308 2483 respondit
1375 2402 1807 2467 Abraham:
1879 2402 2301 2476 memento,
2377 2401 2549 2480 fili,

287 2507 468 2586 quia
510 2503 897 2587 recepisti
956 2503 1158 2570 bona
1201 2506 1279 2570 in
1324 2505 1496 2570 uita
1539 2507 1707 2585 tua,
1764 2505 2153 2571 similiter
2197 2507 2271 2570 et
2316 2504 2551 2569 Laza-
2634 2491 2636 2496 ¹

209 2626 414 2673 eorus
488 2608 722 2688 mala,
799 2607 876 2671 et
947 2608 1124 2671 ideo
1193 2626 1389 2672 nunc
1464 2608 1595 2673 hic
1663 2610 2153 2686 consolatur,
2220 2612 2302 2671 tu
2364 2624 2549 2671 uero

288 2709 702 2775 cruciaris
782 2709 972 2774 etin
1003 2709 1124 2773 his
1169 2711 1530 2775 omnibus
1578 2712 1790 2775 inter
1834 2728 1965 2775 nos
2012 2715 2091 2775 et
2137 2727 2272 2775 uos
2318 2712 2550 2776 chaos

287 2830 650 2896 magnum
694 2812 1107 2877 firmatum
1153 2816 1301 2889 est,
1361 2817 1446 2878 ut
1491 2832 1744 2896 neque
1791 2814 1975 2879 hinc
2020 2814 2113 2878 ad
2156 2832 2295 2879 uos
2341 2814 2548 2897 quis-

287 2934 509 2998 quam
551 2914 814 2997 possit
857 2916 976 2981 ire
1028 2936 1270 3000 neque
1325 2916 1502 2983 inde
1557 2918 1709 2982 huc
1780 2921 2289 2984 transmeare.
2342 2916 2543 2982 -istud

287 3038 452 3103 nunc
518 3019 680 3085 mihi
739 3020 1080 3084 secundum
1148 3020 1284 3085 loca
1349 3024 1411 3085 et
1479 3025 1762 3103 tempora
1820 3021 1924 3085 uel
1976 3038 2235 3103 corpora
2300 3018 2550 3099 dissere,

211 3122 429 3187 esistic
486 3122 623 3188 sine
680 3124 1133 3189 alternamento
1193 3125 1491 3205 reciproci
1551 3125 1711 3189 aeris
1774 3126 1837 3189 et
1888 3141 2119 3207 organo
2165 3126 2435 3207 pectoris
2484 3124 2548 3189 et

491 3310 627 3363 2‘0f.
668 3325 790 3379 pag.
830 3310 912 3375 14,
949 3310 982 3363 5
1192 3311 1254 3364 11
1292 3311 1416 3365 Luc.
1452 3312 1536 3376 16,
1571 3311 1639 3364 22
1663 3345 1687 3351 -·
1710 3311 1778 3364 26

387 3480 424 3533 4
457 3482 675 3534 uastum
713 3484 793 3534 est
827 3480 889 3534 im
923 3480 1160 3549 epistula
1193 3479 1396 3534 Fausti
1575 3480 1606 3533 7
1643 3481 1945 3549 ademptam
1979 3480 2303 3545 AB¹0HR,
2354 3481 2553 3550 adepta

289 3600 359 3667 δ’,
413 3600 606 3668 adepta
640 3600 698 3665 b,
754 3599 1062 3668 ademptum
1103 3600 1154 3655 Τ
1176 3599 1299 3655 Sch.
1475 3600 1542 3654 10
1575 3573 1871 3669 patefaciat
1909 3599 1973 3666 S,
2020 3601 2315 3669 patefaciat
2344 3605 2411 3671 φ’

283 3686 393 3740 stic
427 3684 557 3740 HS*
747 3686 1026 3740 uitiauerit
1063 3702 1162 3740 om.
1201 3685 1248 3741 Ο
1435 3686 1500 3740 12
1536 3687 1659 3740 sinu
1694 3684 2171 3743 ABGDEFLPR
2366 3688 2435 3741 13
2468 3688 2555 3742 in-

285 3772 438 3825 ferno
488 3769 731 3825 GJPLS
946 3771 1012 3824 14
1058 3771 1281 3825 uidetur
1323 3772 1667 3827 scribendum
1712 3788 1821 3826 esse
1864 3771 2018 3826 uidet
2054 3778 2283 3843 propter
2326 3781 2551 3841 sequens
2588 3782 2595 3790 ·

287 3856 422 3911 dicit
485 3855 578 3924 (cf.
639 3856 802 3911 ctiam
859 3862 1072 3911 textum
1133 3856 1428 3923 Graecum)
1733 3859 2029 3913 eleazarum
2085 3859 2157 3913 M
2212 3860 2412 3926 ubique

290 3944 358 3999 15
407 3942 680 4013 abraham]
736 3944 987 3998 miserere
1037 3944 1147 3997 mei
1197 3947 1252 3999 et
1303 3944 1434 3999 aad.
1487 3948 1570 4013 ρ’.
1768 3946 1833 3999 16
1883 3945 2126 4013 intingat
2179 3944 2413 4001 editores

285 4030 599 4098 minimum]
635 4032 934 4083 extremum
971 4029 1116 4099 SP²⁷
1273 4047 1413 4100 aqua
1445 4031 1739 4087 ABDEF
1926 4031 1991 4085 17
2026 4033 2091 4084 ut
2122 4031 2179 4085 R
2359 4031 2553 4101 lingua

285 4132 406 4169 mea
440 4115 554 4171 AB
757 4116 958 4169 crucier
991 4117 1049 4169 A
1247 4116 1368 4185 hac]
1404 4133 1465 4171 ac
1499 4117 1556 4171 B
1762 4117 1831 4169 20
1864 4115 1957 4171 hic
1990 4132 2130 4171 nunc
2163 4116 2293 4171 libri
2318 4124 2553 4185 praeter

289 4201 467 4257 OGM
675 4201 739 4255 21
794 4216 890 4255 uos
943 4202 999 4255 et
1049 4217 1147 4255 nos
1199 4202 1375 4256 BEF
1573 4202 1641 4255 22
1693 4218 1788 4257 nos
1850 4202 1935 4258 ob
1960 4201 2083 4257 Sca.
2291 4203 2360 4257 23
2413 4202 2553 4257 hullc

286 4287 342 4343 R
549 4288 676 4341 stud
723 4287 795 4342 H
991 4288 1059 4341 24
1092 4290 1334 4355 tempora
1367 4288 1458 4341 uel
1493 4305 1593 4343 om.
1633 4288 1765 4343 libri
1793 4293 2023 4356 praeter
2058 4288 2131 4343 M
2138 4286 2170 4344 b
2206 4294 2256 4343 et
2290 4289 2413 4345 Sola.

284 4389 535 4442 corporea
573 4374 688 4443 Sp²
891 4373 961 4427 25
994 4373 1098 4429 stic
1125 4372 1317 4428 ΒΗΙι1
1527 4375 1869 4441 reciprocatis
1904 4374 1935 4428 b
