3175 5050
592 469 872 520 xxxvm

593 639 832 706 tatione
873 639 943 706 in
985 641 1230 706 textum
1271 641 1544 722 recipere
1589 639 1914 705 debebam.
1978 657 2359 722 quamquam
2386 638 2561 705 enim
2604 643 2855 706 exstare

592 744 872 826 potuisse
913 743 1180 808 uerbum
1208 743 1639 822 subordinare,
1687 743 1753 807 in
1789 761 1911 825 quo
1942 743 2247 807 ordinare
2276 746 2531 810 eandem
2562 743 2855 810 habuerit

593 844 1133 926 significationem,
1181 864 1369 929 qnam
1414 847 1661 928 saepius
1706 849 1873 929 apud
1904 845 2271 912 Suetonium
2316 845 2599 928 aliosque
2640 847 2851 928 poste-

592 948 774 1013 rioris
839 948 1066 1014 aetatis
1119 949 1450 1032 scriptores
1499 949 1606 1033 (cf.
1652 969 1707 1016 0.
1753 949 2169 1032 magistratus
2200 975 2280 1005 =
2312 967 2525 1013 creare
2541 998 2556 1029 ‚
2614 968 2671 1012 0.
2718 948 2851 1028 ali-

591 1072 774 1136 quem
817 1080 899 1110 =
945 1071 1179 1116 munus
1223 1050 1423 1117 alicui
1466 1051 1778 1118 mandare
1821 1051 1923 1116 ael
1967 1050 2255 1136 deferre),
2316 1050 2408 1116 ita
2448 1055 2521 1116 ut
2565 1052 2852 1116 subordi-

590 1158 784 1219 natus
843 1153 1014 1218 idem
1068 1155 1275 1219 ualeat
1334 1173 1406 1219 ac
1447 1154 1847 1232 subornatus,
1907 1155 2120 1237 negari
2177 1171 2301 1218 non
2356 1155 2585 1236 potest,
2641 1153 2854 1220 tamen

589 1257 968 1321 subornatas
1011 1261 1084 1321 ut
1129 1274 1294 1322 nunc
1337 1256 1607 1322 scribam
1654 1275 2043 1322 commoueor
2086 1256 2221 1321 loco
2268 1257 2459 1322 simili
2500 1257 2727 1340 Apulei
2777 1259 2854 1323 de

594 1378 761 1442 mag.
816 1378 869 1426 c.
916 1360 1018 1436 67,
1082 1360 1191 1426 ubi
1257 1360 1674 1425 subornatum
1740 1364 2157 1424 accusatorem
2222 1361 2426 1425 exstat
2492 1359 2592 1441 (cf.
2660 1360 2855 1426 etiam

592 1459 802 1526 Sidon.
861 1461 1068 1544 Apoll.
1117 1462 1296 1545 epist.
1341 1463 1376 1527 I
1425 1464 1553 1549 11).
1637 1465 1777 1542 101,
1836 1465 1923 1528 20
1979 1463 2481 1545 transcensisque
2536 1465 2855 1546 corporeis

591 1565 880 1630 omnihus
952 1565 1224 1630 emirata
1306 1566 1497 1631 illum
1580 1566 1872 1631 uidelicet
1944 1566 2388 1630 uniuersitatis
2471 1565 2645 1630 uidit
2725 1586 2857 1632 esse

590 1670 926 1732 creatorem
1000 1671 1265 1752 repetita
1335 1688 1410 1734 ex
1482 1670 1772 1734 omnibus
1843 1671 2057 1735 littera
2111 1688 2145 1733 s
2208 1671 2415 1735 ortum
2480 1672 2578 1735 est
2642 1670 2712 1735 in
2770 1669 2853 1736 ΕΩ

589 1790 652 1836 se
713 1772 958 1836 mirata
1024 1773 1127 1851 (cf.
1175 1771 1253 1854 G)
1326 1774 1389 1837 et
1459 1773 1526 1836 in
1594 1773 1851 1855 reliquis
1913 1773 2091 1838 libris
2156 1773 2478 1839 uocalibus
2557 1775 2724 1840 inter
2786 1795 2853 1842 se

589 1873 860 1939 confusis
920 1876 1231 1939 semerita.
1305 1877 1381 1940 de
1437 1875 1541 1953 95,
1604 1875 1681 1939 17
1738 1877 1907 1940 intro
1962 1876 2204 1958 inspice
2259 1879 2318 1941 te
2371 1877 2447 1942 cle
2491 1881 2548 1941 te
2588 1878 2754 1963 ipsa,
2816 1899 2852 1943 o

587 1975 874 2040 humana
917 1979 1162 2060 anima,
1210 1982 1266 2042 et
1307 1981 1366 2042 te
1407 1978 1797 2062 memine[re]
1851 1979 1928 2042 cf.
1976 1997 2115 2061 pag.
2162 1979 2399 2044 XXIII.
2438 2017 2521 2029 --
2552 1979 2851 2066 Singulae

589 2097 769 2144 uoces
826 2080 982 2145 falso
1039 2081 1286 2145 additae
1343 2083 1493 2145 sunt
1542 2082 1638 2161 14,
1685 2082 1765 2145 21
1814 2081 1925 2145 sab
1981 2082 2337 2147 dominicae
2388 2085 2855 2167 [praeceptione

589 2182 1046 2266 ordinationis]
1148 2185 1345 2249 oeulis
1440 2183 1771 2268 qenitricis
1881 2185 2100 2266 (uerba
2183 2188 2359 2251 uncis
2453 2187 2701 2253 inclusa
2784 2193 2851 2254 et

590 2285 658 2349 in
702 2286 917 2352 Fausti
983 2287 1190 2352 codice
1249 2291 1311 2351 et
1368 2287 1481 2351 ubi
1548 2289 1721 2353 locus
1771 2306 1808 2352 a
1848 2287 2157 2354 Mamerto
2225 2290 2522 2355 laudatur
2570 2291 2847 2373 desunt),

593 2388 735 2468 115,
803 2389 844 2454 6
911 2390 1126 2454 metiri
1188 2411 1374 2472 posse
1436 2391 1768 2474 mundum,
1838 2392 2020 2456 cuius
2086 2412 2195 2456 aer
2260 2394 2451 2456 tertia
2503 2413 2673 2474 pars
2738 2400 2849 2481 est,

597 2493 870 2599 [quarto]
943 2495 1078 2560 iam
1143 2496 1441 2580 constitit,
1510 2494 1619 2561 ubi
1688 2499 1911 2578 quarto
1967 2499 2223 2578 (quarta
2270 2497 2326 2562 D
2342 2497 2391 2561 Ε
2405 2498 2455 2563 F
2470 2495 2549 2580 G)
2624 2499 2849 2581 deleui,

591 2615 737 2661 nam
806 2600 1106 2679 quomodo
1175 2600 1497 2681 irrepserit
1553 2599 1746 2664 etiam
1805 2618 1972 2664 nunc
2040 2599 2224 2665 facile
2282 2601 2630 2687 dispicitur,
2703 2622 2850 2668 cum

595 2700 782 2763 tertia
827 2719 864 2765 a
907 2702 1088 2767 libris
1143 2703 1386 2783 praeter
1430 2700 1502 2765 M
1557 2704 1735 2769 absit.
1784 2739 1869 2749 —
1916 2703 2060 2787 121,
2112 2703 2190 2769 18
2244 2704 2413 2769 ande
2455 2708 2682 2785 autem,
2736 2706 2841 2791 [si]

591 2801 706 2867 hoc
733 2806 840 2883 cst,
887 2823 1007 2884 quo
1040 2804 1376 2885 principio
1407 2805 1647 2870 nescire
1674 2824 1739 2871 se
1768 2806 1926 2870 dicit
1954 2808 2399 2872 restituendam
2430 2828 2561 2873 esse
2593 2809 2851 2891 phrasin

593 2903 936 2971 Claudiano
1010 2906 1494 2973 usitatissimam
1566 2906 1678 2972 hoc
1752 2912 1843 2973 est
1914 2909 2168 2991 ideoque
2241 2910 2301 2973 si
2371 2912 2850 2993 expungendum

593 3009 1018 3075 certissimum
1081 3010 1238 3075 mihi
1303 3012 1417 3075 est.
1463 3046 1546 3059 —-
1598 3011 1741 3091 123,
1804 3012 1840 3075 7
1908 3012 2238 3076 mendacio
2304 3018 2490 3077 semet
2544 3016 2850 3081 scientiae

589 3110 853 3197 fallunt,
901 3111 1062 3177 alios
1091 3113 1358 3178 docendo
1388 3113 1718 3195 decipiant
1768 3113 1977 3199 [alios]
2014 3114 2247 3198 Lysiae
2289 3116 2529 3181 similes
2574 3118 2851 3184 alterum

588 3214 753 3281 alios
816 3234 926 3297 per
989 3216 1476 3300 dittographiam
1543 3220 1752 3283 ortum
1812 3237 1945 3282 esse
2004 3235 2201 3300 neque
2260 3238 2403 3284 cum
2461 3219 2721 3287 Barthio
2780 3225 2849 3287 in

587 3317 773 3387 illias
817 3319 1250 3405 corrigendum
1294 3339 1426 3386 esse
1470 3322 1601 3387 iam
1634 3320 1924 3387 Schottus
1955 3322 2137 3386 uidit.
2171 3360 2255 3370 —
2289 3324 2431 3403 141,
2478 3321 2521 3387 5
2565 3344 2641 3388 ac
2670 3323 2849 3389 uelat

587 3425 844 3503 royaret
891 3424 1017 3505 (uel
1060 3443 1334 3507 royares‚
1384 3424 1462 3489 cf.
1509 3425 1703 3507 praef.
1735 3444 1874 3508 pag.
1906 3426 2109 3507 XXX)
2157 3426 2514 3509 yeminanti
2549 3428 2653 3511 [et]
2690 3427 2852 3510 qaia

587 3525 664 3589 in
703 3523 815 3589 hoc
851 3526 1094 3591 ueritas
1124 3526 1386 3593 claudat
1419 3578 1436 3597 .
1475 3578 1490 3595 .
1526 3528 1717 3592 iterat
1754 3527 2062 3609 propheta
2093 3548 2462 3609 responsum
2492 3548 2612 3594 non
2644 3531 2847 3617 uidae,

591 3646 710 3713 quo
763 3628 948 3711 pacto
991 3632 1048 3693 ct
1091 3630 1240 3695 ferri
1297 3630 1514 3715 possit,
1575 3632 1699 3695 nisi
1752 3634 2103 3715 grauiorem
2148 3631 2351 3699 adhuc
2395 3635 2589 3698 latere
2632 3650 2849 3699 corru-

587 3731 825 3815 ptelam
891 3732 1248 3799 statuimus.
1322 3734 1520 3799 simili
1586 3735 1772 3799 modo
1838 3734 2241 3799 iudicandum
2308 3735 2405 3801 est
2470 3736 2547 3800 de
2618 3737 2759 3817 108,
2803 3736 2851 3801 4

595 3834 690 3919 [ob
733 3832 866 3919 hoc]
917 3838 980 3903 et
1024 3835 1127 3921 83,
1180 3837 1260 3901 15
1312 3836 1518 3921 [non],
1564 3854 1723 3919 quae
1768 3836 1963 3901 uerba
2006 3836 2132 3901 iam
2179 3838 2235 3905 G
2279 3837 2531 3904 deleuit.

675 3956 764 4022 II.
819 3956 1005 4021 Falso
1059 3957 1344 4041 singulae
1387 3958 1637 4023 litterae
1682 3957 1959 4040 syllabae
2016 3974 2197 4024 uoces
2240 3957 2506 4023 omissae
2555 3962 2736 4025 erant
2775 3960 2849 4025 in

594 4058 965 4143 archetypo:
1039 4061 1137 4137 11,
1183 4060 1222 4125 8
1274 4058 1492 4145 <aut>‚
1557 4063 1653 4137 11,
1705 4063 1779 4126 11
1834 4058 1991 4145 (ei),
2067 4063 2166 4137 11,
2216 4062 2296 4127 13
2346 4060 2581 4147 (iam),
2654 4062 2755 4145 13,
2801 4063 2847 4129 5

594 4163 854 4249 <sensus
907 4182 1050 4229 snos
1102 4162 1342 4249 uelut),
1415 4165 1514 4242 13,
1565 4164 1603 4228 7
1654 4162 1857 4249 (sui),
1930 4164 2029 4244 15,
2080 4166 2160 4229 12
2209 4166 2382 4250 <non
2422 4164 2665 4252 habet),
2736 4171 2847 4248 qui

589 4266 712 4333 leci
777 4267 1011 4351 integri
1071 4268 1314 4333 exstant
1370 4268 1437 4333 in
1480 4268 1702 4332 Fausti
1768 4267 1977 4335 codice
2020 4268 2088 4332 Z.
2164 4271 2485 4350 praeterea
2538 4270 2849 4353 sagaciter

588 4371 909 4439 Hartelius
957 4371 1059 4447 17,
1107 4370 1189 4434 15
1233 4390 1311 4435 ex
1353 4369 1604 4435 nullius
1644 4370 1815 4435 enim
1854 4372 2150 4455 facturae
2193 4388 2521 4452 corporeae
2562 4371 2847 4437 materia
