3175 5050
1067 433 1157 486 De
1193 435 1384 486 statu
1419 435 1683 488 animae
1725 433 1787 488 ΙΙ
1820 434 1869 487 4.
2476 435 2595 500 111

1386 653 1552 736 ΙΠΪ.

623 847 718 892 ΒΕ
767 843 1090 893 MENSVRA
1133 846 1418 894 NVMERO
1461 846 1551 892 ΕΤ
1595 844 1916 892 PONDERE
1963 844 2314 895 CORPORIS.

423 983 502 1047 In
545 983 707 1048 illud
751 1003 918 1048 nunc
985 985 1186 1066 magis
1247 985 1372 1050 nisi
1419 987 1765 1049 contemnis
1825 984 2113 1050 aduertas
2182 985 2484 1063 animum,
2528 991 2600 1050 ut

337 1086 473 1166 tibi,
507 1088 590 1151 'in
635 1091 938 1168 quantum
987 1105 1052 1152 se
1104 1087 1305 1152 uideri
1368 1087 1751 1171 dignabitur,
1814 1107 2141 1153 mensurae
2203 1089 2494 1170 ponderis
2538 1093 2602 1156 et

299 1189 583 1256 snumeri
628 1192 722 1254 uis
769 1189 984 1255 diuina
1043 1192 1375 1274 pandatur.
1451 1191 1576 1255 dici
1630 1210 1855 1275 nempe
1896 1192 2007 1256 deo
2053 1192 2356 1275 legimus:
2402 1209 2597 1258 men-

340 1312 532 1358 sura
607 1311 929 1357 numero
1012 1298 1087 1358 et
1152 1295 1492 1376 pondere
1566 1295 1827 1360 omnia
1899 1295 2414 1378 disposuisti,
2483 1315 2601 1378 quo
2658 1293 2664 1300 ’

337 1396 736 1478 potissimum
781 1396 1142 1462 testimonio
1179 1399 1244 1462 in
1273 1397 1338 1462 id
1383 1397 1627 1463 scilicet
1673 1417 1820 1463 usus
1868 1417 1951 1478 eS,
1998 1402 2071 1463 ut
2115 1400 2331 1466 exinde
2375 1399 2599 1481 proba-

338 1505 476 1563 tum
520 1499 683 1563 uelis
726 1500 1053 1565 animabus
1101 1519 1340 1585 quoque
1385 1502 1616 1567 nostris
1664 1519 1979 1585 corporeas
2024 1501 2323 1584 quasdam
2366 1502 2598 1568 inditas

340 1603 741 1684 quantitates,
819 1603 1143 1668 uideamus
1192 1623 1337 1688 ergo
1383 1604 1578 1688 igitur
1624 1623 1917 1670 mensura
1960 1604 2131 1686 baec,
2177 1607 2419 1688 pondus
2463 1608 2600 1687 hoc,

273 1736 322 1775 ιο
339 1723 630 1769 numerus
675 1704 777 1769 hic
821 1707 1074 1771 ubinam
1119 1709 1239 1772 loci
1282 1708 1515 1772 fuerint
1575 1708 1899 1790 quandoue
1960 1727 2090 1773 esse
2143 1709 2479 1790 coeperint,
2525 1713 2599 1774 nt

341 1807 419 1872 ad
465 1808 732 1872 istorum
787 1810 963 1890 quasi
1009 1811 1321 1894 exemplar
1383 1812 1534 1875 deus
1597 1811 1892 1876 uniuersa
1951 1811 2269 1876 formaret.
2341 1812 2399 1876 si
2440 1811 2600 1876 nihil

340 1913 690 1976 increatum
752 1913 874 1976 nisi
933 1916 1171 1978 creator
1229 1917 1341 1992 est,
1406 1915 1555 1978 haec
1617 1932 1760 1997 ergo
1804 1916 2013 1981 creata
2056 1917 2222 1979 sunt.
2298 1916 2350 1979 si
2394 1919 2601 1979 creata

339 2018 508 2096 sunt,
555 2031 678 2078 non
721 2014 921 2098 igitur
967 2018 1176 2081 omnia
1222 2017 1373 2082 deus
1426 2017 1736 2082 mensuris
1793 2019 2066 2082 numeris
2111 2016 2600 2100 ponderibusque

338 2117 664 2200 disposuit,
719 2120 960 2200 quando
1021 2119 1274 2202 quidem
1332 2121 1490 2186 haec
1546 2119 1690 2203 ipsa
1748 2139 1870 2185 non
1915 2121 2257 2185 secundum
2302 2120 2426 2186 ista
2470 2121 2597 2185 for—

271 2253 320 2293 15
336 2221 557 2287 mauit.
629 2222 738 2286 sed
811 2224 1172 2288 auctoritati
1240 2225 1490 2289 diuinae
1561 2225 1813 2290 obuiare
1880 2223 2056 2289 nefas
2129 2225 2245 2303 est,
2320 2225 2595 2289 numeris

338 2341 483 2406 ergo
538 2324 913 2406 ponderibus
976 2329 1037 2389 et
1079 2329 1412 2391 mensuris
1471 2328 1767 2391 uniuersa
1812 2328 2019 2393 creata
2064 2331 2227 2391 sunt.
2304 2345 2596 2392 mensura

338 2445 484 2510 ergo
527 2425 766 2508 pondus
812 2429 874 2492 et
917 2446 1214 2493 numerus
1261 2430 1470 2493 creata
1513 2446 1636 2493 non
1668 2431 1844 2493 sunt:
1902 2448 2025 2493 non
2058 2429 2224 2493 enim
2254 2428 2594 2494 secundum

339 2532 554 2595 eadem
596 2532 802 2595 creata
843 2531 993 2596 sunt
1037 2533 1267 2610 omnia,
1315 2534 1367 2597 si
1413 2536 1476 2597 et
1519 2533 1657 2615 ipsa
1699 2533 1907 2597 creata
1939 2533 2104 2597 sunt.
2175 2532 2279 2598 hic
2310 2532 2596 2599 omnibus

337 2632 652 2717 cogitandi
696 2632 940 2699 uiribus
977 2633 1335 2700 enitendum
1367 2635 1480 2715 est,
1528 2637 1603 2699 ut
1631 2654 1873 2718 quoquo
1904 2637 2088 2702 modo
2118 2636 2315 2717 possit
2348 2638 2597 2720 agnosci

268 2754 462 2808 20non
503 2737 618 2801 hoc
662 2756 795 2801 esse
838 2738 1076 2819 pondus
1137 2738 1484 2821 principale
1545 2738 1707 2820 quod
1752 2740 2073 2821 penditur,
2120 2743 2227 2806 sed
2272 2758 2393 2823 quo
2437 2759 2595 2825 pen-

337 2841 530 2920 ditur,
597 2859 711 2906 nec
777 2840 1039 2906 eundem
1094 2860 1228 2907 esse
1291 2860 1621 2907 numerum
1688 2845 1794 2926 qui
1860 2845 2243 2925 numeratur,
2304 2844 2415 2908 sed
2473 2862 2592 2927 quo

337 2946 719 3023 numeratur,
787 2962 902 3009 nec
967 2962 1325 3010 mensuram
1396 2963 1552 3027 qnae
1621 2946 1901 3025 metitur,
1965 2949 2071 3011 sed
2131 2964 2253 3030 qua
2309 2947 2595 3025 metitur,

337 3048 503 3112 sicut
542 3047 699 3113 item
743 3067 865 3114 non
908 3048 1024 3115 hoc
1067 3051 1163 3114 est
1207 3049 1572 3131 magnitudo
1619 3053 1781 3133 quod
1827 3068 2147 3135 magnum,
2202 3070 2314 3116 nec
2344 3051 2459 3117 hoc
2490 3072 2593 3118 ae-

337 3152 518 3234 quale
583 3152 748 3236 quod
806 3153 1173 3236 aequalitaS,
1237 3173 1352 3218 nec
1411 3153 1526 3221 hoc
1586 3155 1986 3236 pulchritudo
2039 3155 2202 3236 quod
2244 3155 2593 3238 pulchrum.

539 3338 574 3393 5
619 3339 740 3408 Sap.
778 3341 860 3405 11,
897 3339 964 3393 21

441 3508 476 3561 3
509 3508 617 3561 nisi
651 3509 966 3578 contemnis]
1004 3510 1052 3563 si
1086 3511 1380 3564 contemnis
1415 3510 1502 3575 M,
1561 3512 1610 3563 si
1644 3510 1925 3565 contendis
1961 3510 1994 3566 b
2180 3511 2430 3567 aduertae
2464 3512 2593 3577 Mb,

339 3591 554 3646 aduerte
595 3594 670 3660 G,
730 3594 978 3649 aduertes
1022 3596 1137 3650 rell.
1185 3602 1238 3651 et
1276 3595 1395 3649 Βοὴ.
1603 3598 1638 3649 4
1688 3597 1735 3650 si
1786 3598 1839 3653 G
2044 3598 2077 3653 5
2124 3599 2359 3653 numeris
2405 3598 2461 3653 R

337 3680 596 3745 pendatur
623 3681 693 3746 1³²
886 3682 1092 3751 nempe]
1130 3681 1194 3735 de
1229 3681 1357 3737 add.
1384 3682 1468 3749 12²,
1511 3681 1583 3747 cf.
1602 3698 1732 3752 pay.
1758 3684 1876 3747 105,
1902 3686 1977 3737 13
2171 3683 2203 3737 7
2241 3683 2427 3738 exinde
2461 3684 2538 3737 M
2544 3683 2594 3750 b,

337 3780 398 3815 ex
442 3763 512 3827 Ο,
574 3766 694 3818 exin
735 3766 851 3821 rell.
891 3772 944 3821 et
981 3766 1100 3822 Βοὴ.
1307 3768 1531 3836 probare
1576 3768 1688 3822 Mb
1896 3771 1930 3823 8
1972 3769 2129 3823 uellis
2174 3768 2367 3834 BGH,
2427 3768 2594 3823 uelles

336 3849 513 3904 ΒΕΓ
531 3850 651 3906 Sch.
840 3854 874 3905 9
910 3868 1034 3921 ergo
1071 3869 1170 3908 om.
1209 3854 1340 3907 libri
1363 3860 1597 3923 praeter
1630 3855 1705 3910 M
1738 3859 1793 3910 et
1826 3855 2063 3910 editores
2258 3855 2326 3909 10
2360 3856 2595 3923 ceperint

335 3937 708 3993 BGEDMR
950 3938 1016 3993 13
1066 3940 1387 4008 ponderibus
1439 3940 1495 3995 R
1500 3943 1567 4009 10²
1796 3942 1862 3998 15
1913 3941 2235 3996 auctoritate
2296 3941 2459 3998 OHR

337 4024 549 4077 obuiari
595 4024 627 4078 b
840 4024 903 4078 17
951 4040 1055 4079 non
1103 4032 1234 4082 ante
1279 4030 1408 4081 sunt
1454 4027 1629 4082 ΒΕΘ
1655 4028 1778 4083 Sch.
1795 4068 1811 4095 ,
1864 4043 1966 4083 om.
2000 4028 2119 4083 rell.
2157 4033 2211 4083 et
2245 4029 2278 4083 b
2484 4044 2595 4082 non

335 4114 514 4164 creata
568 4109 687 4164 Βοὴ.
893 4125 1002 4164 non
1053 4113 1193 4165 enim
1247 4114 1359 4167 Mb
1385 4112 1534 4179 Sela,
1606 4114 1733 4183 quia
1782 4130 1889 4168 non
1940 4113 2057 4168 rell.
2112 4118 2165 4167 et
2207 4115 2278 4182 10²
2484 4128 2593 4167 non

335 4196 696 4249 enim—eunt
739 4211 840 4251 om.
888 4195 935 4251 0
1135 4198 1202 4251 18
1246 4199 1465 4252 eandem
1511 4197 1824 4255 ABG¹HR
2019 4198 2201 4252 omnia
2246 4202 2424 4253 creata
2468 4200 2596 4253 sunt

339 4281 385 4335 S
567 4284 633 4347 ,si
679 4298 780 4337 om.
819 4299 864 4351 p
1071 4283 1138 4336 19
1183 4282 1528 4353 cogitandum
1567 4286 1600 4339 b
1805 4299 1908 4353 quo
1944 4283 2313 4341 ABDFIPR
2336 4283 2456 4339 Sch-

336 4369 406 4421 20
439 4369 540 4423 hoc
575 4386 674 4426 om.
721 4369 820 4425 OG
1024 4369 1092 4424 23
1126 4371 1248 4440 non]
1287 4371 1345 4423 in
1378 4370 1435 4429 R
1641 4370 1770 4425 haec
1804 4371 1837 4425 b
