3175 5050
651 441 776 508 196
1419 437 1791 495 Claudiani
1831 438 2141 493 Mamerti

643 647 958 696 summum
1013 630 1264 713 bonum,
1327 647 1365 696 a
1432 646 1553 711 quo
1613 628 1780 694 facta
1834 630 1981 694 sunt
2035 629 2243 695 omnia
2302 645 2627 712 corporum
2688 645 2899 712 genera

645 734 825 809 bona,
870 733 1079 816 ipsum
1126 730 1205 817 <a
1238 731 1398 817 quo>
1447 731 1847 797 rationalium
1891 749 2120 816 magna
2165 733 2352 798 bona:
2420 731 2703 814 relinque
2751 731 2896 796 bona

644 837 706 898 et
768 851 996 918 magna
1049 834 1217 899 bona
1272 835 1333 898 et
1389 851 1708 900 summum
1759 835 1994 901 bouum
2038 851 2180 898 ama
2224 833 2609 918 simplexque
2652 832 2896 912 bonum,

641 937 710 1003 id
767 938 862 1002 est
914 938 1094 1020 pater
1150 939 1215 1002 et
1270 937 1440 1002 filius
1499 938 1563 1002 et
1610 938 1870 1021 spiritus
1929 937 2203 1017 sanctus,
2249 936 2502 1002 trinitas
2545 936 2703 1002 haec
2746 954 2897 1002 unus

644 1041 815 1106 deus.
880 1041 945 1106 et
987 1042 1199 1106 tamen
1241 1040 1333 1105 sic
1374 1039 1765 1124 diligendum
1809 1043 1907 1106 est
1952 1057 2173 1124 corpus
2218 1040 2331 1105 aut
2358 1039 2642 1124 spiritus,
2690 1058 2897 1106 secun·
2932 1062 2954 1102 ⁵

644 1142 798 1210 dum
841 1143 1008 1228 quod
1052 1143 1374 1228 diligenda
1416 1147 1586 1220 sunt,
1633 1144 1798 1209 sicut
1841 1143 2097 1228 quidam
2141 1142 2567 1208 nobilissimus
2603 1146 2901 1209 tractator

641 1239 998 1313 sanctarum
1027 1246 1477 1328 scripturarum
1508 1245 1695 1311 dixit:
1734 1246 2116 1329 quattuor
2149 1264 2393 1330 pones
2429 1246 2899 1313 dilectionis

642 1351 1002 1436 regulae,
1078 1350 1278 1433 quod
1350 1366 1584 1432 supra
1654 1367 1821 1433 noe,
1897 1346 2095 1432 quod
2166 1349 2388 1416 iuxta
2459 1367 2629 1430 noe,
2708 1349 2903 1432 quod

643 1471 806 1535 noe,
856 1452 1056 1536 quod
1098 1451 1310 1518 infra
1352 1471 1506 1518 nos.
1568 1452 1906 1536 diligamus
1938 1470 2082 1536 ergo
2108 1451 2271 1519 illud
2302 1471 2623 1518 summum
2652 1451 2898 1530 bonum,

645 1554 810 1639 quod
875 1572 1067 1639 supra
1123 1572 1234 1620 nos
1294 1553 1391 1620 est
1443 1571 1566 1620 non
1611 1554 1745 1619 loco
1791 1553 2046 1632 ordinis,
2092 1555 2203 1620 sed
2246 1557 2527 1636 naturae,
2598 1555 2750 1638 quia
2790 1573 2957 1620 nomo

640 1658 848 1744 potest
890 1658 1219 1741 coaequari
1263 1656 1552 1723 creatura
1607 1657 1888 1723 creatori.
1963 1657 2132 1723 solus
2177 1658 2345 1723 euim
2386 1655 2557 1722 filius
2602 1675 2899 1743 coaequa-

642 1764 747 1826 tur
789 1761 973 1845 patri,
1017 1760 1310 1827 similiter
1340 1763 1404 1826 et
1433 1760 1691 1844 spiritus
1735 1760 2009 1841 sanctus,
2054 1760 2204 1844 quia
2232 1778 2356 1828 non
2400 1765 2549 1828 sunt
2594 1765 2897 1845 creatura,

641 1862 753 1929 sed
796 1863 962 1930 inter
1005 1882 1107 1929 eos
1151 1881 1279 1930 una
1320 1866 1563 1930 natura.

725 2048 932 2127 Haec,
999 2066 1155 2133 quae
1221 2049 1399 2116 breui
1457 2067 1742 2116 sermone
1800 2049 2213 2135 digessimus,
2273 2052 2601 2136 subposita
2658 2053 2903 2138 pictura

641 2153 1062 2222 demonstrat:
2917 2179 2957 2220 ιε

1265 2552 1556 2614 mouetur
1600 2547 1736 2613 sine
1779 2552 2057 2632 tempore
2104 2550 2169 2614 et
2212 2550 2368 2617 loco.

1266 2444 1580 2492 summum
1635 2426 1872 2492 bonum
1914 2427 2051 2492 sine
2096 2428 2424 2511 qualitate.

969 2532 1139 2597 Deus

1185 2427 1222 2734 ι
1265 2667 1506 2733 iudicat
1551 2668 1618 2733 et
1660 2686 1784 2733 non
1826 2666 2163 2738 iudicatur.

1262 2958 1569 3025 magnum
1612 2940 1849 3007 bonum
1892 2960 2038 3009 cum
2080 2943 2405 3027 qualitate.

871 3039 1142 3125 Spifflfflss
1183 2940 1221 3245 ζ
1264 3063 1552 3127 mouetur
1594 3060 1662 3127 in
1705 3064 1992 3145 tempore
2036 3063 2168 3129 sine
2212 3066 2369 3131 loco.
2913 3096 2955 3137 ιο

1263 3179 1501 3245 iudicat
1544 3180 1610 3246 et
1650 3179 1980 3247 iudicatur.

1264 3450 1494 3517 bonum
1543 3470 1687 3517 cum
1731 3454 2037 3537 qualitate
2082 3458 2145 3520 et
2189 3457 2567 3537 quantitate.

906 3548 1138 3635 0⁰¹'PUS
1184 3451 1221 3757 ἕ
1263 3572 1551 3637 mouetur
1596 3573 1880 3639 localiter
1925 3576 1989 3639 et
2032 3576 2481 3659 temporaliter.

1264 3709 1378 3757 nec
1421 3692 1663 3759 iudicat
1705 3698 1770 3760 et
1813 3694 2145 3763 iudicatur.

715 4009 776 4063 ‘2
817 4025 850 4064 a
883 4026 990 4080 quo
1025 4010 1252 4078 addidi,
1305 4029 1408 4069 om.
1442 4014 1517 4069 M
1718 4016 1975 4089 relinque]
2011 4034 2070 4072 re
2102 4019 2293 4089 utique
2327 4022 2567 4079 editores
2776 4027 2810 4083 3
2842 4028 2893 4081 et

638 4136 772 4185 ante
807 4146 1077 4187 summum
1123 4149 1224 4188 om.
1265 4134 1530 4197 Galland.
1736 4139 1769 4193 5
1816 4140 1935 4207 aut]
1986 4142 2041 4193 et
2085 4139 2322 4197 editores
2524 4146 2561 4201 9
2606 4148 2753 4217 ergo]
2801 4133 2891 4204 n'os

637 4252 770 4309 add.
821 4254 898 4308 M
1095 4257 1165 4309 14
1213 4257 1390 4327 figura
1443 4259 1678 4315 editores
1887 4262 1955 4318 15
1998 4260 2355 4335 demonstrat]
2398 4280 2541 4336 quae
2582 4276 2892 4340 sequuntur

633 4357 733 4411 hoe
767 4356 925 4413 modo
957 4357 1023 4413 in
1058 4358 1133 4412 M
1159 4359 1372 4416 tradita
1403 4367 1560 4417 swnt:
