3175 5050
2360 479 2560 528 XXVII

301 666 459 712 uam
515 665 693 728 quae,
737 645 1000 730 malum,
1066 647 1238 711 ratio
1297 651 1405 730 est,
1454 648 1725 712 codicem
1771 645 1826 711 G
1866 647 2205 731 genuinam
2262 647 2557 729 praebere

305 751 643 815 lectionem
686 752 856 832 puto.
937 750 1090 816 haec
1133 752 1344 815 autem
1401 750 1601 815 rai-101·
1646 751 1915 816 elocutio
1958 750 2089 815 sine
2134 751 2321 816 dubio
2366 752 2559 816 etiam

307 853 538 917 codicis
581 853 652 917 M
695 853 1124 935 interpolatori
1168 855 1314 918 ante
1359 853 1564 918 oculos
1596 852 1987 930 uersabatur‚
2033 871 2220 936 quam
2248 853 2329 918 ‘ob
2357 855 2559 937 ipsam

307 955 634 1020 raritatem
665 955 1098 1020 immutauisse
1129 957 1441 1037 putandus
1473 959 1588 1020 est.
1614 991 1696 1004 --
1721 955 1865 1034 183,
1892 957 1933 1020 6
1954 957 2258 1037 quoniam
2285 957 2385 1020 uti
2414 957 2558 1040 aqi-

305 1059 458 1122 tatis
509 1062 672 1122 retro
723 1058 1254 1135 disputationibus
1299 1059 1661 1124 edocuimus
1705 1059 1899 1124 nimis
1944 1058 2070 1124 late
2099 1063 2283 1142 patet
2322 1061 2397 1124 in
2444 1062 2555 1145 (M,

307 1162 380 1224 in
435 1181 552 1226 om.
611 1162 770 1243 rell.)
826 1161 1329 1246 huiusce<modi>
1383 1163 1661 1244 (scripsi,
1708 1181 1829 1226 om.
1873 1161 2045 1248 libri)
2091 1164 2561 1244 quaestionibus

307 1265 700 1329 inmensum:
751 1267 1038 1330 uoculam
1081 1265 1156 1328 in
1200 1267 1450 1348 apertae
1483 1264 1991 1348 'interpolationis
2034 1267 2270 1331 indicia
2310 1285 2455 1348 prae
2498 1286 2563 1332 se

307 1369 468 1432 ferre
497 1371 716 1450 sponte
746 1368 1156 1452 intellegitur,
1189 1371 1297 1433 sed
1326 1389 1522 1452 neque
1553 1369 2027 1450 quaestionibus
2056 1373 2221 1434 recte
2252 1371 2559 1435 traditum

309 1473 426 1555 est,
486 1471 650 1552 quod
692 1471 750 1536 si
791 1489 937 1536 cum
981 1469 1330 1539 DEFGS⁹
1385 1471 1560 1536 facili
1616 1473 1992 1538 correctione
2047 1475 2114 1538 in
2172 1472 2561 1554 quaestionis

309 1575 723 1655 rescribimuS,
781 1577 990 1640 omnia
1045 1593 1198 1640 sana
1221 1576 1385 1640 'sunt
1427 1594 1625 1657 neque
1670 1576 2089 1642 additamento
2136 1582 2345 1641 nostro
2389 1574 2563 1640 modi

309 1695 462 1760 opus
494 1679 590 1742 est
621 1677 864 1762 (contra
893 1677 997 1754 20,
1033 1679 1114 1742 16
1157 1679 1298 1742 libri
1331 1681 1578 1758 praeter
1608 1677 1743 1744 GM
1771 1678 1939 1744 uiris
1966 1697 2078 1760 pro
2108 1679 2356 1743 uiribus
2388 1699 2562 1762 prae-

310 1780 514 1863 bent).
590 1781 838 1865 legatur
894 1781 1133 1862 itaque:
1199 1781 1398 1844 nimis
1455 1779 1580 1844 late
1625 1783 1807 1862 patet
1862 1781 2117 1846 huiusce
2170 1783 2565 1863 quaestionis

310 1885 687 1948 inmensum.
717 1919 802 1932 —-
835 1885 976 1963 187,
1021 1884 1102 1948 21
1153 1883 1318 1964 quod
1345 1883 1444 1947 ita
1471 1885 1594 1948 erit
1621 1885 2033 1966 inyloriosum
2064 1885 2181 1971 (M,
2214 1885 2563 1969 inqlorium

311 1989 498 2070 relL),
545 1991 620 2050 ut
659 1985 1149 2050 inlaboriosum:
1197 1986 1545 2069 iuylorium
1589 1991 1759 2052 recte
1788 2008 1853 2053 se
1896 1991 2081 2055 habet
2126 1990 2188 2053 et
2232 1989 2301 2054 M
2346 1990 2564 2054 eodem

310 2089 416 2154 1110
458 2092 677 2155 111011ᾱο
723 2091 983 2168 laborat,
1030 2108 1150 2171 quo
1195 2090 1298 2169 45,
1345 2091 1444 2156 16.
1515 2111 1777 2174 sequens
1822 2095 1987 2159 enim
2031 2093 2564 2159 inlaboriosum

315 2197 380 2259 in
443 2211 628 2258 causa
687 2194 836 2271 erat,
896 2196 968 2258 ut
1027 2196 1286 2260 eandem
1347 2194 1855 2260 terminationem
1919 2193 2211 2262 librarius
2262 2198 2452 2262 etiam
2496 2199 2564 2262 in

314 2296 718 2361 antecedente
759 2313 913 2360 uoce
957 2297 1446 2378 iuyloriosum
1489 2300 1784 2362 exararet.

395 2401 482 2466 Hi
541 2401 664 2466 loci
721 2401 877 2464 mihi
935 2402 1313 2466 retractandi
1359 2420 1493 2466 esse
1537 2401 1931 2483 uidebantur,
1989 2421 2103 2467 nec
2146 2405 2299 2484 puto
2342 2421 2559 2484 quem-

313 2524 500 2588 quam
543 2524 643 2570 me
687 2523 815 2570 esse
860 2505 1382 2588 uituperaturum,
1431 2507 1596 2587 quod
1640 2507 1875 2571 temere
1922 2526 1959 2571 a
2002 2505 2227 2573 codicis
2273 2506 2343 2571 M
2386 2506 2565 2571 lecti-

314 2609 534 2672 onibus
588 2608 963 2673 recesserim.
1038 2608 1145 2673 sed
1200 2610 1326 2673 iam
1383 2608 1460 2674 ad
1515 2610 1785 2692 reliquos
1846 2610 2087 2675 codices
2146 2609 2561 2675 aestimandos

313 2713 699 2777 accedamus.

398 2830 568 2897 Inter
612 2832 883 2915 reliquos
928 2832 1170 2899 codices
1201 2832 1269 2896 in
1296 2831 1518 2914 primis
1550 2832 1913 2898 nominandi
1944 2835 2089 2897 sunt
2122 2830 2195 2914 G,
2242 2834 2557 2916 praeterea

313 2934 474 3001 liber
535 2934 664 3015 ille,
733 2954 806 2999 ex
871 2952 991 3017 quo
1051 2933 1276 2999 codicis
1323 2936 1374 2999 E
1429 2953 1651 3000 manus
1707 2937 1905 3001 altera
1960 2933 2363 3001 correctiones
2418 2954 2563 3000 suas

313 3038 542 3120 hausit,
589 3042 652 3103 et
697 3037 766 3104 Ο.
843 3038 950 3121 11111
995 3037 1140 3103 libri
1185 3038 1541 3120 saepissime
1587 3056 1730 3105 cum
1775 3038 1844 3101 M
1888 3043 1996 3104 aut
2038 3054 2247 3104 omnes
2274 3040 2387 3103 aut
2430 3040 2569 3103 sin-

314 3141 450 3223 guli
493 3140 560 3205 in
603 3140 944 3206 exhibenda
987 3142 1257 3225 genuina
1300 3140 1565 3205 lectione
1613 3141 2027 3223 consentiunt,
2074 3142 2149 3205 ut
2186 3160 2257 3205 ex
2288 3141 2569 3223 optimae·

315 3247 502 3307 notae
565 3244 1014 3327 exemplaribus
1087 3246 1454 3309 descendere
1521 3262 1628 3309 008
1692 3246 1905 3325 negari
1970 3262 2095 3309 non
2160 3246 2375 3325 possit.
2450 3262 2564 3309 nec

314 3350 528 3413 tamen
572 3348 842 3411 codicem
886 3346 956 3411 M
1010 3346 1294 3411 bonitate
1337 3351 1727 3428 exsuperant,
1793 3364 1937 3411 cum
1989 3344 2263 3413 habeant
2318 3348 2563 3424 menda,

317 3448 542 3531 quibus
586 3450 658 3515 M
702 3451 902 3532 uacat,
958 3450 1246 3535 grauiora
1289 3450 1355 3513 et
1399 3449 1478 3515 ad
1524 3450 1978 3515 emendandum
2023 3447 2379 3514 difficiliora
2421 3468 2565 3515 cum

315 3552 571 3634 reliquis
617 3551 820 3629 libris,
861 3556 926 3617 et
971 3553 1254 3635 quamuis
1302 3552 1621 3617 nonnullis
1666 3552 1837 3636 locis,
1884 3551 2109 3634 quibus
2154 3553 2257 3617 uel
2301 3552 2373 3617 M
2418 3546 2566 3617 ean-4

317 3656 460 3719 dem
503 3673 692 3736 quam
733 3656 958 3738 reliqui
989 3656 1137 3721 libri
1167 3656 1353 3721 habet
1385 3658 1821 3739 corruptelam,
1866 3660 2102 3721 rectam
2132 3674 2205 3723 ac
2233 3657 2566 3739 genuinam

317 3757 652 3823 exhibeant
705 3760 1094 3842 scripturam,
1152 3763 1363 3824 tamen
1425 3759 1781 3827 accuratius
1826 3760 2193 3825 examinatis
2236 3759 2366 3825 11118
2410 3757 2565 3824 10018

317 3860 498 3925 facile
555 3866 850 3944 appareat
908 3859 1244 3945 genuinam
1300 3861 1636 3927 lectionem
1680 3861 1775 3926 ita
1818 3880 1949 3927 esse
1992 3864 2433 3944 comparatam,
2497 3862 2569 3925 ut

319 3982 390 4028 ex
433 3966 772 4047 deprauata
828 3984 1015 4048 quam
1075 3965 1364 4029 exhibent
1409 3964 1635 4046 reliqui
1692 3964 1845 4029 libri
1888 3967 2195 4046 scriptura
2238 3962 2408 4028 facili
2454 3982 2568 4028 ne»

319 4068 488 4149 gotio
535 4088 572 4133 a
624 4068 880 4134 librario
946 4069 1052 4132 uel
1109 4067 1436 4149 paululum
1506 4067 1687 4132 docto
1754 4067 1891 4132 elici
1950 4068 2240 4151 potuerit,
2310 4084 2435 4131 non
2492 4084 2569 4131 ex

320 4172 532 4252 fontis,
601 4192 672 4237 ex
717 4190 838 4255 quo
890 4172 1202 4237 fluxerunt
1257 4172 1353 4237 illi
1409 4170 1557 4236 libri
1614 4188 1763 4235 sane
1819 4170 2120 4248 meliores,
2186 4168 2569 4252 praestantia

319 4276 402 4340 sit
460 4275 836 4357 explicanda.
911 4278 1060 4339 sunt
1113 4274 1436 4355 praeterea
1492 4272 1734 4355 aliquot
1791 4274 2159 4337 mendorum
2215 4290 2445 4357 genera
2502 4274 2567 4335 et

323 4380 517 4445 codici
557 4378 629 4442 M
673 4380 740 4445 et
782 4378 1190 4444 deterioribus
1235 4376 1413 4443 libris
1447 4376 1803 4443 communia
1846 4381 1976 4441 tam
2020 4376 2229 4442 facilia
2273 4374 2353 4440 ad
2397 4392 2566 4439 com-
