3175 5050
555 410 763 458 XLIIII

555 579 948 645 restituimus
1017 579 1155 644 coll.
1229 577 1374 656 150,
1447 578 1480 642 1
1513 577 1585 662 ¹).
1634 613 1719 626 ·—
1762 578 1867 656 23,
1940 577 2023 642 14
2090 576 2385 644 adiciunt
2450 579 2825 644 auctoritati

551 679 764 763 potius
807 671 1090 762 oportere
1133 679 1383 746 concedi
1427 699 1625 762 neque
1652 679 2147 764 naufrayiosum
2172 731 2189 748 .
2216 731 2231 748 .
2258 731 2271 746 .
2293 681 2570 764 pelayus
2600 682 2820 764 dispu-

555 782 817 847 tationis
859 783 1142 848 intrare:
1188 784 1354 848 recte
1386 782 1514 848 iam
1562 782 1619 849 Gr
1663 783 1995 849 correxisse
2038 783 2295 849 uidetur
2341 787 2596 867 propter
2643 787 2821 850 ante-

555 886 880 952 cedentem
922 887 1244 968 passiuam
1288 885 1559 951 formam
1603 887 1855 951 concedi
1916 885 2162 951 intrare
2221 887 2290 952 in
2332 887 2594 973 intrari,
2660 887 2824 970 quod

555 989 729 1072 piget
785 1006 884 1052 me
940 989 1005 1052 in
1064 990 1306 1055 textum
1359 1007 1482 1055 non
1540 989 1862 1071 recepisse.
1938 995 2155 1056 contra
2211 987 2312 1071 70,
2364 989 2460 1056 13.
2526 991 2668 1069 107,
2714 989 2819 1056 20.

559 1092 703 1174 112,
748 1091 833 1155 23
879 1111 1005 1156 non
1035 1093 1187 1171 erat,
1235 1110 1343 1156 cur
1389 1091 1854 1157 nominatiuum
1897 1091 2085 1157 molis
2127 1092 2383 1175 optimis
2413 1092 2595 1159 libris
2624 1092 2821 1158 tradi-

557 1198 696 1260 tum
739 1196 1056 1278 archetypi
1099 1197 1320 1260 mendo
1365 1196 1723 1279 tribuerem,
1783 1197 1974 1260 immo
2020 1195 2173 1262 haec
2204 1195 2578 1262 nominatiui
2621 1196 2825 1261 forma

557 1297 808 1362 aliunde
867 1300 1017 1362 nota
1076 1297 1270 1362 etiam
1329 1300 1395 1363 in
1439 1295 1780 1363 Claudiano
1845 1299 2097 1363 retineri
2142 1298 2419 1366 debebat.
2498 1285 2741 1364 uocales
2786 1318 2825 1362 o

559 1403 622 1464 et
664 1421 712 1463 u
754 1402 1193 1482 permutantur
1242 1399 1385 1479 129,
1424 1401 1504 1464 21
1553 1399 1801 1465 lectulis
1844 1399 2185 1464 oscitantes
2230 1405 2412 1478 (corr.
2460 1403 2553 1466 ed.
2600 1401 2822 1483 princ„

559 1499 807 1565 lectulis
848 1501 1225 1566 suscitantes
1269 1501 1466 1585 libri),
1518 1502 1662 1581 137,
1698 1503 1779 1567 12
1808 1501 2259 1583 compotoribus
2306 1502 2408 1585 (cf.
2444 1521 2589 1586 pag.
2620 1502 2823 1582 XXV,

559 1604 1005 1685 conputaribus
1050 1603 1248 1689 libri),
1302 1605 1442 1688 152,
1491 1604 1531 1668 3
1574 1603 1733 1669 istoc
1770 1605 2115 1688 (BarthiuS,
2163 1604 2323 1670 istuc
2369 1605 2565 1690 libri),
2613 1607 2687 1672 cf.
2717 1605 2823 1682 45,

556 1706 662 1771 21.
708 1708 850 1790 173,
887 1708 985 1774 10.
1038 1708 1180 1792 184,
1232 1707 1331 1773 18.
1393 1729 1426 1772 e
1472 1709 1536 1772 et
1581 1726 1625 1771 a
1671 1708 1962 1775 confusae
2008 1711 2181 1774 erant
2232 1708 2331 1787 11,
2368 1710 2449 1775 10
2492 1711 2827 1790 occupetur

565 1812 808 1894 (Fausti
840 1814 1047 1891 codex,
1094 1815 1440 1893 occupatur
1469 1811 1770 1877 Mamerti
1803 1813 2003 1894 libri),
2052 1813 2331 1895 itemque
2361 1812 2465 1889 33,
2498 1813 2584 1878 20
2626 1831 2824 1894 arqu-

556 1919 832 1980 mentere
875 1933 984 1997 pro
1029 1920 1477 1997 aryumentare
1521 1917 1759 1998 scripsi,
1834 1916 1910 1982 cf.
1958 1914 2061 1995 52,
2111 1917 2172 1981 3.
2241 1919 2372 1982 sine
2436 1917 2571 1982 ulla
2614 1920 2823 1982 autem

561 2017 934 2084 necessitate
1005 2019 1104 2098 78,
1177 2018 1258 2083 13
1312 2019 1779 2102 peregrinatur
1841 2021 2177 2085 immutaui
2244 2023 2309 2085 in
2362 2021 2825 2103 pereqrinetur,

560 2139 701 2187 cum
745 2119 1124 2186 indicatiuus
1171 2119 1238 2185 in
1274 2121 1768 2205 interrogatione
1800 2120 2059 2206 obliqua.
2089 2122 2339 2187 nullum
2370 2122 2599 2187 habeat
2630 2121 2823 2187 offen-

559 2225 799 2291 sionem
858 2224 1024 2306 apud
1075 2222 1490 2290 Claudianum
1553 2226 1660 2310 (cf.
1719 2225 2036 2305 indicem).
2111 2226 2271 2291 aliae
2346 2226 2591 2292 uocales
2661 2226 2827 2290 iuter

559 2347 625 2394 se
690 2327 1081 2410 permutatae
1147 2330 1362 2394 erant:
1443 2328 1542 2411 12,
1589 2329 1629 2394 8
1688 2328 2060 2393 commercia
2123 2327 2556 2412 (commercio),
2638 2329 2735 2408 10,
2784 2329 2827 2393 5

556 2431 908 2496 subsistunt
941 2430 1355 2514 (subsistant),
1404 2432 1508 2516 23,
1554 2432 1641 2497 22
1684 2430 1939 2512 ulloque
1972 2430 2278 2516 (illoque),
2331 2431 2473 2510 114,
2504 2432 2545 2496 6
2591 2449 2826 2495 eorun-

558 2534 700 2599 dem
751 2534 1172 2619 (earundem),
1234 2535 1376 2615 138,
1424 2534 1468 2601 5
1502 2535 1828 2617 plerisque
1874 2534 2288 2619 (plurisque),
2354 2536 2496 2613 174,
2546 2534 2629 2599 24
2675 2552 2824 2598 con-

552 2638 768 2719 pactio
834 2638 1196 2719 (eonpictio)
1244 2639 1363 2704 etc.
1441 2638 1695 2722 peccaui
1762 2640 1993 2721 autem,
2065 2655 2211 2703 cum
2274 2658 2307 2703 e
2373 2637 2693 2703 uocalium
2759 2636 2827 2701 iu

560 2739 894 2824 archetypo
955 2741 1308 2806 confusione
1367 2742 1536 2806 ortas
1599 2759 1730 2806 esse
1787 2741 2085 2807 lectiones
2145 2740 2288 2823 162,
2334 2740 2375 2806 6
2426 2739 2826 2822 Gabrielum,

561 2843 705 2924 163,
753 2844 810 2907 6.
863 2843 1003 2921 164,
1053 2844 1152 2909 18.
1205 2844 1347 2922 166,
1393 2844 1475 2908 21
1531 2843 1833 2909 Gabriele
1881 2846 2184 2927 opinarer.
2262 2860 2410 2909 nam
2463 2861 2621 2925 quae
2663 2842 2827 2923 opti-

559 2948 682 3011 mis
737 2946 920 3011 libris
980 2948 1338 3032 traduntur,
1399 2949 1565 3012 recte
1621 2966 1685 3011 se
1742 2947 1971 3012 habent
2029 2948 2092 3011 et
2149 2964 2373 3012 nomen
2417 2946 2578 3011 illud
2637 2946 2827 3009 etiam

560 3052 904 3116 secundum
961 3051 1187 3132 stirpes
1248 3050 1312 3117 in
1359 3071 1428 3115 ·o
1474 3053 1767 3115 exeuntes
1812 3050 2191 3117 declinatum
2236 3067 2369 3114 esse
2426 3048 2830 3114 statuendum

561 3156 678 3220 est.
747 3152 1220 3218 consonantium
1265 3152 1759 3236 permutationes
1802 3152 2174 3235 insigniores
2209 3152 2325 3215 hae
2369 3150 2559 3215 fuisse
2602 3148 2827 3215 uiden-

558 3260 664 3343 tur
729 3257 792 3321 in
863 3257 1230 3339 archetypo:
1309 3255 1411 3339 23,
1479 3255 1556 3319 11
1618 3254 1961 3319 deierando
2002 3273 2112 3338 pro
2158 3254 2514 3334 deierando,
2591 3253 2695 3337 93,
2746 3253 2824 3316 17

547 3360 934 3444 perfiyentia
989 3380 1100 3443 pro
1155 3360 1585 3443 perficientia,
1659 3361 1801 3438 130,
1850 3362 1933 3425 10
1985 3358 2289 3425 zoroadhi
2339 3378 2451 3442 pro
2494 3359 2828 3436 zoroastri,

559 3465 665 3541 28,
714 3465 751 3529 7
796 3464 1210 3547 inficiasserit
1236 3482 1347 3545 pro
1375 3462 1635 3546 inficias
1664 3462 1831 3543 ierit,
1886 3464 2027 3541 172,
2074 3462 2161 3527 20
2200 3462 2485 3528 indicari
2514 3482 2625 3547 pro
2654 3460 2831 3527 iudi-

561 3567 720 3649 cari,
783 3567 924 3646 181,
980 3567 1053 3631 17
1111 3566 1218 3631 uis
1262 3564 1422 3649 (uir)
1469 3584 1578 3647 pro
1623 3566 1761 3645 uix,
1812 3565 1954 3642 184,
2004 3565 2084 3630 18
2124 3564 2456 3645 flosculum
2499 3585 2608 3648 pro
2641 3564 2828 3647 plus-

560 3668 792 3736 culum.
827 3707 906 3718 —
944 3670 1086 3752 125,
1133 3669 1175 3733 3
1221 3668 1530 3752 (animae)
1591 3688 1751 3749 quae
1797 3671 1930 3731 tam
1972 3672 2214 3733 remota
2249 3672 2616 3749 persecutae
2658 3670 2827 3746 sunt,

562 3776 693 3837 tam
739 3771 962 3839 clausa
1007 3772 1328 3851 adierunt,
1375 3774 1510 3835 tam
1555 3775 1775 3851 operta
1808 3771 2149 3836 uideruntt
2197 3772 2531 3837 Barthium
2576 3775 2835 3837 secutus

561 3880 784 3957 operta
847 3896 958 3960 pro
1025 3861 1328 3941 librorum
1395 3876 1707 3957 scriptura
1752 3875 1969 3957 perita
2029 3874 2217 3940 edidi.
2291 3877 2400 3941 sed
2445 3878 2688 3957 praesto
2732 3877 2833 3939 est

563 3980 862 4043 correctio
908 3979 1108 4044 multo
1152 3978 1363 4057 lenior,
1411 3995 1554 4043 cum
1585 3996 1697 4060 pro
1732 3977 1953 4058 perita
1985 3976 2165 4044 unius
2195 3977 2445 4043 litterae
2476 3976 2829 4043 mutatione

550 4082 784 4163 penita
828 4082 1223 4159 scribendum
1267 4083 1368 4146 sit.

651 4312 656 4316 .
768 4240 809 4306 ¹)
858 4236 1108 4291 Fortasse
1156 4236 1320 4291 etiam
1371 4234 1456 4301 98,
1494 4234 1560 4288 19
1607 4238 1949 4303 recoynoscet
1984 4250 2077 4303 pro
2112 4234 2445 4303 recoynoscit
2491 4232 2831 4287 scribendum

559 4322 692 4389 erat,
707 4346 712 4351 ·
729 4322 870 4391 quod
907 4322 1179 4377 antecedit
1214 4321 1742 4390 qui—coynouerit.
