3175 5050
973 499 978 509 ι
1096 430 1186 483 De
1219 430 1418 483 statu
1452 428 1713 483 animae
1757 429 1787 484 Ι
1823 432 1905 485 11.
2128 408 2131 419 ’
2550 432 2635 498 51

1437 614 1564 700 XI.

371 808 560 869 QVOD
618 807 810 855 OMNE
868 804 1361 855 INOORPOREVM
1427 806 1580 855 SIVE
1638 804 2056 854 CORPOEEVM
2107 806 2451 869 QVIDQVID
2506 810 2633 859 EST

1249 907 1570 957 CREATVM
1626 909 1766 957 EST.

465 1049 619 1113 Post
677 1048 830 1114 haec
876 1048 1333 1131 argumentaris
1379 1064 1453 1113 ao
1498 1046 1673 1127 diois,
1732 1046 2039 1112 idcirco
2085 1048 2635 1139 incorporeum

327 1154 732 1216 screatum
797 1150 912 1215 nil
979 1165 1180 1231 esse,
1238 1150 1420 1232 quia
1478 1150 1862 1235 quidquid
1919 1150 2206 1216 factori
2264 1170 2400 1217 suo
2460 1172 2635 1219 con-

371 1252 931 1337 prehensibile
1019 1253 1129 1319 sit
1219 1254 1767 1335 incorporeum
1855 1272 2029 1319 esse
2116 1268 2267 1320 non·
2358 1255 2632 1338 possit.

375 1358 491 1424 sub
537 1358 656 1425 hac
702 1375 848 1440 ergo
892 1356 1136 1422 ratione
1179 1357 1313 1439 ipse
1359 1354 1483 1421 sibi
1527 1356 1678 1422 deus
1722 1356 1978 1440 ignotus
2023 1357 2145 1421 est:
2178 1357 2287 1441 qui
2316 1359 2371 1423 si
2399 1358 2631 1425 idcirco

371 1460 801 1542 incorporeum
857 1459 1016 1525 nihil
1074 1458 1331 1536 creauit,
1389 1478 1468 1524 ne
1511 1459 1751 1543 aliquid
1796 1460 2075 1525 creatum
2120 1460 2414 1527 notitiam
2458 1480 2631 1529 crea·

372 1562 528 1629 toris
596 1562 940 1641 excederet,
1009 1580 1153 1627 cum
1216 1563 1324 1627 uel
1369 1579 1731 1644 corporeum
1794 1562 1900 1626 uel
1974 1563 2403 1645 incorporeum
2474 1564 2636 1629 nihil

305 1694 353 1732 10
374 1666 499 1731 nisi
543 1667 947 1748 praecedente
990 1664 1253 1730 scientia
1299 1664 1569 1729 creantis
1613 1664 1939 1749 exstiterit,
1971 1665 2269 1731 uidelicet
2299 1666 2443 1749 quia
2472 1656 2637 1732 nihil

373 1769 652 1834 nesciens
699 1768 869 1847 fecit,
911 1788 976 1833 se
1010 1768 1220 1850 ipsum
1263 1786 1408 1853 ergo
1454 1786 1604 1849 prae
1636 1768 1927 1834 omnibus
1957 1768 2178 1853 nescit,
2211 1772 2317 1851 qui
2346 1772 2634 1855 incorpo-

373 1870 592 1937 raliter
647 1872 972 1938 antecellit
1029 1890 1275 1937 omnem
1344 1871 1760 1937 substantiam
1818 1890 2007 1955 quam
2064 1872 2319 1952 creauit,
2395 1892 2469 1938 ac
2526 1894 2637 1957 per

342 1975 489 2039 -hoc
533 1974 733 2040 maior
777 1994 841 2039 se
885 1976 1021 2057 ipso
1066 1975 1178 2050 est,
1225 1974 1333 2056 qui
1389 1974 1488 2039 sui
1531 1992 1723 2057 capax
1766 1986 1888 2039 non
1932 1978 2046 2041 est.
2122 1978 2284 2059 quod
2330 1976 2479 2059 quia
2506 1979 2635 2043 dici

372 2076 613 2142 ratione
648 2096 771 2142 non
815 2076 1067 2157 sinitur,
1116 2094 1494 2161 consequens
1542 2078 1655 2155 est,
1702 2082 1776 2143 ut
1819 2078 1958 2144 ideo
1988 2077 2419 2161 incorporeum
2450 2081 2633 2164 quip—

303 2205 354 2245 15
371 2181 544 2263 piam
587 2200 710 2245 non
756 2180 1079 2264 creauerit,
1125 2200 1204 2245 ne
1250 2180 1371 2246 sibi
1417 2182 1698 2246 creatum
1742 2180 1983 2263 aliquid
2028 2181 2633 2265 inconprehensibile

375 2302 508 2347 esse
567 2284 783 2366 possit,
848 2302 991 2348 cum
1050 2282 1186 2366 ipse
1245 2302 1527 2350 summus
1586 2285 1983 2365 incorporeus
2036 2284 2157 2349 sibi
2200 2286 2451 2369 ignotus
2497 2306 2633 2352 esse

374 2405 495 2451 non
539 2386 753 2469 possit.
823 2386 968 2452 uide
1013 2406 1199 2469 quam
1244 2385 1435 2471 paruo
1466 2386 1717 2471 negotio
1746 2387 2034 2452 ueritatis
2067 2388 2232 2452 calor
2262 2388 2630 2473 frigentium

373 2489 705 2556 uerborum
750 2492 1002 2575 pruinas
1046 2489 1426 2575 liquefaciat.
1502 2496 1566 2556 et
1634 2508 1778 2558 cum
1843 2490 2192 2557 discernere
2258 2510 2525 2575 nequeas
2592 2513 2630 2560 a

372 2594 578 2659 creato
640 2594 990 2675 materiam,
1053 2597 1130 2661 ab
1175 2595 1426 2660 informi
1470 2596 1829 2676 formatum,
1878 2598 1955 2664 ab
1999 2613 2137 2661 aere
2179 2595 2491 2686 spiritum,
2538 2599 2631 2664 sic

302 2723 356 2763 20
373 2695 720 2780 imaginem
775 2697 873 2762 dei
929 2698 1298 2780 pronuntias
1354 2699 1678 2782 tamquam
1734 2699 2201 2782 potissimorum
2260 2701 2471 2782 scituS,
2520 2703 2629 2785 qui

373 2797 800 2862 minimorum·
847 2799 1134 2883 probaris
1196 2801 1470 2884 ignarus.
1547 2800 1678 2866 iam
1730 2821 1894 2867 nunc
1952 2803 2454 2869 testimoniorum
2522 2805 2629 2870 uel

373 2902 644 2967 maxime
700 2903 961 2987 penuria
1018 2905 1267 2970 coactus
1331 2906 1408 2971 de
1465 2905 1733 3000 quodam
1790 2924 1969 2989 opere
2016 2905 2231 2970 sancti*
2261 2907 2631 2990 Hieronymi

374 3003 722 3086 capitulum
780 3006 1113 3089 quoddam,
1168 3008 1331 3090 quod
1363 3010 1616 3092 quidem
1661 3011 1725 3075 te
1768 3009 2018 3076 constat
2059 3028 2183 3075 non
2226 3009 2627 3095 intellexisse,
2661 3044 2665 3054 ·

375 3106 724 3192 subiungis,
786 3128 906 3192 quo
965 3111 1086 3176 ait:
1153 3112 1423 3194 globos
1492 3113 1843 3179 siderum
1911 3116 2387 3195 corporatos
2455 3133 2635 3180 esse

267 3212 720 3295 ·2⁵spiritus
766 3213 1311 3290 arbitrantur.
1388 3233 1636 3280 omnem
1681 3217 1787 3298 qui
1818 3217 2161 3282 arbitratur
2191 3217 2475 3281 dubitare
2506 3237 2634 3283 non

372 3314 633 3380 dubium
680 3318 791 3382 est.
868 3318 1121 3384 beatum
1153 3335 1302 3383 uero
1352 3319 1808 3404 Hieronymum
1835 3319 1909 3384 de
1938 3318 2261 3402 spiritibus
2294 3321 2633 3401 corporatis

579 3501 614 3554 4
657 3501 727 3555 cf.
764 3517 887 3570 pag.
925 3503 976 3570 9,
1015 3504 1048 3557 6

475 3670 512 3722 4
546 3672 626 3739 ao]
667 3675 722 3725 et
757 3673 1048 3728 ABDEF
1229 3674 1262 3727 5
1297 3674 1380 3727 nil
1414 3673 1522 3730 Mb
1547 3674 1694 3740 Sela,
1754 3674 1897 3730 nihil
1930 3676 2049 3730 rell.
2238 3677 2273 3731 8
2307 3695 2403 3734 nec
2432 3681 2498 3748 10²

375 3790 440 3845 11
477 3791 569 3843 sed
603 3791 679 3844 M
684 3791 715 3845 b
921 3759 1028 3862 quia
1061 3795 1154 3862 M,
1217 3794 1344 3862 quia
1373 3759 1412 3848 ‘b
1617 3795 2076 3865 incorporabiliter
2112 3798 2471 3855 BE¹FGPT
2492 3799 2633 3869 Sela,

372 3892 868 3963 incomparabiliter
903 3895 984 3951 E²
1181 3897 1248 3954 15
1283 3913 1388 3952 non
1423 3913 1524 3953 om.
1560 3900 1633 3953 M
1644 3899 1675 3954 b
1870 3900 1936 3953 16
1972 3902 2103 3970 esse]
2141 3917 2247 3989 non
2282 3903 2413 3958 add.
2450 3904 2497 3958 0

375 4015 442 4070 19
477 4016 554 4070 sic
589 4015 728 4083 Mb,
790 4017 851 4071 in
885 4019 1001 4074 rell.
1039 4025 1093 4075 et
1128 4020 1248 4077 Βοὴ.
1439 4023 1510 4078 20
1542 4023 1733 4078 iscitus
1770 4023 1960 4090 ΒΓΕ,
2021 4022 2247 4077 inscitus
2281 4024 2367 4092 D,
2429 4025 2631 4080 inscius

372 4101 457 4168 Ε,
527 4101 694 4156 scitor
746 4103 820 4157 M
827 4105 858 4158 b
1117 4107 1183 4161 21
1239 4107 1505 4162 minorum
1558 4109 1615 4165 R
1638 4109 1756 4164 Βοὴ.
2012 4108 2317 4178 probaberis
2370 4111 2637 4168 AGOEM

375 4187 510 4254 ffb,
570 4188 878 4257 probaueris
923 4188 1393 4250 BGF¹G²H¹RS¹
1609 4195 1827 4264 ignarus
1874 4211 1975 4250 om.
2020 4194 2081 4249 D
2296 4196 2366 4250 24
2408 4213 2509 4268 que
2558 4198 2656 4264 B,-

373 4273 469 4342 qui
503 4273 731 4330 DEFR
756 4274 877 4331 Βοὴ.
1055 4279 1175 4348 agit
1207 4279 1270 4334 F
1439 4280 1633 4348 globus
1668 4282 1723 4337 R
1910 4281 1979 4335 25
2013 4296 2167 4336 omne
2202 4280 2345 4352 qnod
2378 4282 2455 4337 M
2460 4283 2493 4338 b

373 4359 639 4432 dubitare]
676 4362 913 4416 multare
945 4362 1071 4432 AB,
1128 4367 1318 4420 nutare
1352 4366 1580 4422 DEFP
1778 4367 1846 4422 26
1888 4367 2221 4437 spiritalibus
2257 4366 2362 4424 LS

2352 4472 2425 4526 4⁸
