3175 5050
1024 467 1112 521 De
1148 470 1338 521 statu
1374 425 1635 522 animae
1683 467 1741 521 II
1777 467 1827 520 5.
2435 425 2553 532 1117

296 662 454 735 tum,
501 658 574 721 ut
615 657 804 720 uerbo
849 657 1034 721 tenus
1079 656 1423 720 humanum
1481 673 1638 736 quae
1686 655 1834 720 su'nt
1880 656 2025 721 bina
2070 657 2162 722 sic
2210 657 2433 722 habeat
2484 677 2556 721 ex

296 761 557 826 aduerso
630 759 852 842 posita,
925 763 997 823 ut
1043 759 1168 823 sibi
1213 763 1326 823 nec
1369 758 1803 841 magnitudine
1856 777 1970 823 nec
2016 760 2219 841 specie
2267 779 2379 824 nec
2422 759 2555 824 loco

297 864 686 940 dissentiant,
735 867 804 926 ut
851 865 997 926 sunt
1043 880 1224 927 aures
1269 865 1330 925 et
1377 861 1556 943 oculi,
1593 881 1749 942 quae
1781 862 1935 926 item
1968 864 2233 945 singula,
2267 864 2336 927 ut
2368 880 2555 926 nasus

298 973 360 1032 et
407 987 491 1050 οε,
537 960 816 1032 medium
862 967 1069 1031 locum
1123 969 1376 1030 teneant
1423 970 1630 1048 atque,
1694 970 1765 1029 ut
1813 984 1946 1030 esse
1990 967 2251 1048 pulchra
2294 952 2555 1049 possint,

255 1071 752 1144 sconcinentiam
801 1089 1082 1135 summae
1143 1069 1541 1152 aequalitatis
1585 1069 1935 1136 imitentur.
2013 1073 2321 1151 quatenus
2361 1069 2560 1154 igitur

299 1175 547 1240 numeri
591 1174 927 1238 ueritatem
973 1175 1035 1237 in
1083 1171 1294 1236 anima
1337 1173 1720 1254 reperiamus
1751 1172 2043 1250 humana,
2075 1175 2349 1254 prImum
2380 1173 2560 1238 debet

299 1278 438 1360 ipsa
479 1276 733 1342 sibimet
780 1275 1086 1340 actitandi
1133 1274 1433 1338 rationem
1480 1293 1588 1354 pro
1635 1274 1945 1338 uirtutum
1989 1275 2309 1358 parilitate
2357 1277 2561 1339 conci-

299 1399 466 1461 nere,
512 1382 585 1443 ut
631 1377 969 1460 sapientiae
1014 1376 1282 1454 iustitia,
1330 1379 1780 1458 temperantiae
1839 1377 2140 1442 fortitudo
2171 1378 2559 1460 respondeat,

300 1501 460 1566 quae
523 1481 810 1566 parilitas
869 1481 1085 1562 utique
1146 1497 1474 1544 numerosa
1535 1486 1645 1558 est,
1709 1481 1853 1562 quia
1912 1484 2091 1545 tanto
2146 1483 2242 1544 est
2286 1480 2562 1546 numeris

231 1587 588 1663 10uioiniuS,
637 1587 870 1666 quanto
916 1587 1011 1648 est
1058 1584 1325 1666 quidque
1374 1584 1815 1648 concinentius.
1886 1587 1995 1649 sed
2039 1584 2201 1648 illud
2243 1585 2311 1649 in
2352 1584 2561 1650 anima

296 1711 696 1757 numerosum
761 1688 970 1770 potius
1028 1689 1316 1771 arbitror,
1379 1706 1499 1770 quo
1561 1692 1774 1754 eadem
1835 1689 2252 1755 scientialiter
2310 1706 2559 1769 compos

297 1795 395 1857 est
439 1793 698 1870 numeri,
769 1793 841 1857 ut
905 1810 1030 1856 non
1074 1792 1360 1878 partibus
1419 1792 1609 1857 sicuti
1654 1811 1872 1874 corpus
1918 1813 2247 1860 numerosa
2293 1795 2395 1872 sit,
2448 1793 2558 1856 sed

299 1898 508 1978 ipsum
553 1897 832 1960 dinoscat
877 1901 939 1960 et
983 1896 1328 1960 secundum
1394 1897 1659 1960 eundem
1706 1895 1941 1961 iudicet
1985 1917 2334 1962 numerum.
2410 1914 2556 1960 nam

299 1999 424 2063 tria
492 2001 555 2063 et
612 1999 908 2081 quattuor
975 1997 1217 2079 septem'
1286 1997 1416 2063 fore
1457 1999 1540 2063 .et
1602 1999 1751 2062 haec
1816 1999 1881 2063 et
1939 2000 2061 2064 tria
2108 2002 2335 2076 decem,
2382 1997 2559 2062 nulla

234 2129 283 2169 15
299 2106 546 2185 praeter
590 2103 929 2168 humanam
993 2102 1268 2167 animam
1325 2103 1426 2166 uel
1471 2103 1678 2186 potest
1723 2103 1879 2167 scire
1921 2104 2025 2167 uel
2071 2103 2321 2186 poterit.
2398 2101 2562 2165 sicut

297 2206 492 2289 igitur
539 2208 614 2271 de
667 2225 958 2271 mensura
1026 2205 1272 2284 claruit,
1344 2205 1440 2270 ita
1500 2211 1561 2270 et
1607 2206 1685 2270 de
1744 2207 2021 2270 numeris
2088 2209 2236 2271 satis
2302 2209 2559 2288 adparet

301 2327 432 2373 esse
477 2309 588 2373 hos
632 2309 699 2374 in
744 2327 994 2391 corpore
1039 2308 1396 2384 uisibiliter,
1444 2309 1511 2372 in
1557 2309 1771 2373 anima
1814 2307 2351 2374 intellectualiter.

384 2429 606 2492 Restat
663 2447 826 2492 nuno
884 2433 955 2492 ut
999 2430 1076 2493 de
1122 2431 1391 2511 pondere
1453 2431 1861 2511 disputemus.
1938 2446 2264 2508 corporum
2314 2429 2555 2509 pondus

298 2534 456 2598 illud
502 2552 635 2597 esse
679 2534 908 2615 patuit,
958 2552 1076 2614 quo
1113 2534 1330 2598 eadem
1377 2534 1440 2597 in
1486 2536 1769 2616 regiones
1815 2554 1979 2613 suas,
2017 2534 2182 2597 unde
2226 2533 2558 2614 primordi-

231 2664 280 2703 20
301 2637 484 2701 aliter
551 2637 874 2713 exsistunt,
946 2637 1318 2701 naturaliter
1395 2637 1682 2701 feruntur
1747 2657 1859 2702 nec
1928 2638 2271 2720 quiescunt,
2356 2636 2558 2716 quoad

298 2758 494 2821 usque
553 2740 921 2803 transmisso
985 2741 1274 2804 elementi
1334 2740 1593 2805 alterius
1647 2742 1851 2824 spatio
1899 2742 1964 2805 in
2012 2760 2123 2805 sua
2166 2739 2561 2821 perueniant.

300 2842 546 2907 animae
606 2861 754 2907 uero
815 2844 1058 2925 pondus
1118 2845 1414 2908 uoluntas
1477 2846 1572 2909 est
1632 2846 1784 2927 eiuS,
1849 2863 2004 2927 quae
2064 2844 2308 2927 proprie
2357 2843 2559 2926 magis

301 2964 476 3010 amor
537 2946 786 3025 dicitur,
848 2967 966 3029 quo
1035 2949 1274 3013 scilicet
1337 2950 1437 3013 uel
1499 2969 1566 3014 se
1626 2952 1826 3034 ipsam
1887 2950 1989 3015 uel
2057 2949 2182 3014 alia
2242 2945 2560 3029 quaelibet

404 3202 432 3255 1
470 3201 781 3269 humanum]
822 3202 1119 3269 exemplum
1154 3202 1282 3255 add.
1323 3204 1376 3256 A
1567 3204 1601 3256 2
1637 3206 1803 3271 spatie
1837 3204 1911 3271 D,
1973 3206 2148 3273 spatio
2186 3204 2421 3257 editores

301 3286 334 3338 3
379 3288 460 3355 ut]
499 3290 567 3339 et'
600 3287 656 3341 R
863 3288 897 3342 5
941 3288 1331 3341 continentiam
1374 3288 1564 3342 ABE¹
1766 3290 1805 3342 6
1841 3291 2202 3359 repperiamus
2236 3288 2421 3353 DFS',
2478 3303 2557 3341 re-

300 3374 562 3441 periemus
599 3373 835 3438 BGMb,
889 3376 1212 3442 reperiemur
1245 3374 1404 3441 Aff,
1459 3376 1816 3443 repperiamur
1852 3376 1926 3440 R,
1978 3376 2266 3444 reperimus
2306 3375 2425 3428 Βοὴ.
2464 3376 2561 3438 (an

300 3460 480 3513 uoluit
514 3458 840 3527 repperimus
861 3459 916 3527 ἓ)
1117 3460 1148 3513 ’7
1187 3459 1426 3529 sibimet]
1465 3464 1625 3516 simet
1670 3462 1740 3526 0,
1800 3467 1854 3516 et
1890 3462 2020 3516 add.
2057 3464 2089 3517 b
2289 3461 2561 3515 concinere

303 3562 372 3600 ex
409 3546 674 3599 continere
707 3546 769 3599 E
963 3548 998 3600 8
1033 3547 1394 3615 temperantia
1429 3548 1486 3601 R
1694 3550 1763 3603 10
1798 3550 2023 3617 quicque
2061 3566 2131 3604 ex
2164 3550 2451 3617 quicquam
2484 3547 2558 3611 D,

303 3631 558 3700 quicquid
600 3647 671 3699 p,
733 3633 1016 3701 quicquam
1067 3633 1188 3686 Βοὴ.
1399 3633 1464 3685 11
1513 3634 1655 3701 quod
1707 3634 1759 3691 G
1968 3636 2033 3689 13
2070 3634 2351 3704 dignoscat
2388 3632 2561 3687 BDE

301 3716 486 3771 ΕΘΗ
657 3717 724 3769 14
759 3719 813 3769 et
848 3718 980 3771 haec
1015 3720 1126 3771 tria
1161 3722 1218 3771 et
1253 3718 1432 3771 decem
1467 3720 1594 3784 AB,
1650 3722 1705 3772 et
1740 3720 1868 3773 haec
1902 3722 2013 3774 tria
2049 3725 2105 3773 et
2141 3723 2342 3788 septem
2381 3718 2559 3772 decem

302 3836 425 3891 DF
443 3836 590 3902 Βοὴ,
650 3838 706 3888 et
745 3836 841 3891 hec
885 3812 996 3891 'tria
1040 3810 1096 3891 'e't
1143 3840 1347 3906 septem
1395 3838 1572 3892 decem
1626 3840 1688 3892 E
1887 3842 2003 3893 trea
2051 3840 2166 3895 HS
2198 3840 2423 3908 saepius

304 3940 370 3994 15
422 3940 659 3992 humana
710 3939 891 3993 anima
941 3940 1060 3995 HL
1265 3941 1332 3994 16
1386 3939 1643 4009 adpareat
1688 3942 2069 4010 ABDE1F10²
2279 3942 2341 3995 17
2395 3939 2559 3993 intel-

301 4024 666 4079 lectuabiliter
713 4024 1160 4079 ABDFHLRS
1178 4026 1299 4081 Solo.
1512 4026 1580 4080 18
1624 4027 1831 4080 restant
1878 4027 1933 4081 R
2137 4027 2217 4094 ut]
2268 4028 2323 4079 et
2366 4027 2423 4080 R

303 4116 642 4213 disputamus
681 4144 726 4198 S
911 4159 1124 4213 corpore
1158 4146 1414 4213 ABER,
1475 4147 1679 4215 corpori
1716 4146 1869 4201 LST
2062 4148 2129 4200 19
2164 4148 2343 4215 potuit
2380 4146 2426 4200 G

301 4230 370 4284 20
414 4230 501 4285 fes*
551 4230 664 4283 AB
869 4229 938 4283 22
983 4231 1096 4283 eius
1142 4235 1224 4284 est
1272 4231 1319 4285 S
1519 4232 1586 4287 23
1635 4232 1745 4285 alia
1786 4233 1925 4285 E2T
1948 4232 2096 4297 Sela,
2156 4234 2323 4287 aliam
2358 4233 2475 4287 rell.
2512 4238 2561 4286 et

301 4316 333 4369 b
539 4316 648 4369 alia
693 4315 982 4384 quaelibet]
1031 4316 1405 4383 aliquamlibet
1455 4318 1502 4372 S
1702 4318 1973 4387 quaelibet
2017 4318 2104 4383 H,
2168 4318 2466 4388 quamlibet
2499 4319 2559 4372 D

300 4401 532 4467 FGLP,
591 4402 885 4472 quemlibet
922 4404 954 4457 b
