3175 5050
611 414 655 491 Β
1447 409 1697 466 Fausti
1731 409 2043 468 Reiensis

491 647 502 656 ·
609 601 1099 686 lumpedum
1143 619 1528 682 meorum,
1568 601 1863 672 cordibus
1906 603 2140 670 nostris
2186 600 2555 668 efficientias
2598 599 2879 668 insinuat

609 724 825 772 rerum
865 707 982 772 sub
1025 705 1168 790 sign
1178 705 1492 774 ificatione
1535 706 1981 787 membrorum,
2035 705 2201 772 unde
2242 723 2355 788 pre
2399 702 2705 770 ineffabili
2746 704 2878 782 eius

612 811 780 874 circs
822 807 1172 876 humanum
1212 826 1416 892 genus
1455 807 1838 892 dignatione,
1884 826 2041 892 quae
2086 824 2297 874 seruos
2345 807 2581 874 amicos
2612 825 2687 872 ac
2716 805 2879 872 filios

609 911 934 980 nominare
998 912 1062 976 et
1129 911 1479 994 conpellare
1545 929 1673 976 non
1738 910 2021 994 despicit,
2089 913 2163 978 ut
2218 911 2405 978 homo
2463 929 2632 976 cnm.
2662 909 2878 976 eodem

611 1015 894 1081 uicissim
940 1016 1214 1082 humano
1275 1017 1379 1080 0‘re
1423 1015 1490 1080 et
1529 1033 1705 1080 more
1748 1015 2162 1098 conloquitur.
2924 1036 2952 1076 5

705 1117 1000 1185 Ceterum
1045 1116 1146 1184 dei
1187 1118 1284 1184 ira
1325 1117 1573 1184 iustitia
1616 1121 1733 1198 est,
1780 1117 1881 1184 dei
1923 1118 2095 1184 furor
2138 1117 2493 1184 seueritatis
2537 1118 2719 1200 uigor
2764 1118 2875 1196 est,

616 1223 716 1288 dei
761 1223 1003 1290 iurasse
1047 1221 1335 1288 definisse
1381 1225 1496 1300 est,
1543 1221 1643 1287 dei
1686 1221 2069 1304 paenituisse
2115 1221 2425 1288 sententia
2456 1221 2669 1288 tamen
2698 1239 2877 1304 saepe

611 1326 880 1402 mutata,
947 1326 1014 1391 et
1079 1343 1224 1392 cum
1291 1343 1358 1392 se
1422 1328 1829 1407 persequente
1894 1323 2103 1408 aliquo
2160 1325 2328 1391 laedi
2395 1323 2569 1402 dicit,
2642 1325 2878 1390 crimen

612 1430 920 1497 laedentis
996 1428 1291 1496 ostendit.
1370 1427 1814 1494 intercluditur
1886 1427 2063 1494 nobis
2133 1427 2506 1494 omnimodis
2572 1427 2876 1496 orationis

611 1532 1039 1600 ministerium
1105 1531 1430 1616 omnisque
1483 1532 1669 1617 ratio,
1738 1549 1859 1614 qua
1924 1534 2075 1598 deus
2144 1533 2248 1597 uel
2312 1530 2710 1616 intellegitur
2776 1530 2878 1596 uel
2898 1556 2955 1594 ιο

609 1636 1031 1720 praedicatur,
1087 1638 1142 1702 si
1185 1635 1337 1702 haec
1365 1633 1625 1702 humani
1654 1634 1956 1702 sermonis
1989 1635 2363 1703 commercia
2394 1633 2874 1702 subtrahuntur.

609 1758 725 1806 cur
769 1758 911 1824 ergo
955 1737 1077 1806 dici
1122 1739 1290 1805 inter
1334 1737 1460 1806 ista
1501 1755 1631 1804 non
1658 1739 1885 1821 possit:
1932 1739 2067 1804 sed
2113 1739 2370 1804 sensit
2414 1737 2877 1822 conpatien-

611 1842 725 1909 tis
777 1841 953 1908 adse
972 1845 1105 1906 ctu
1121 1844 1154 1906 P

700 1944 768 2012 Si
799 1963 942 2028 ergo
973 1943 1335 2010 discutienti
1366 1944 1673 2026 magistro
1705 1943 1975 2028 simplex
2006 1944 2070 2010 et
2098 1947 2319 2026 aperta
2346 1945 2663 2027 responsio
2692 1946 2876 2012 setis-

616 2047 786 2127 fecit,
830 2050 1228 2115 transeamus
1273 2049 1353 2114 ad
1386 2049 1656 2124 ,tertiam
1698 2049 2142 2131 quaestionem,
2188 2066 2313 2131 qua
2355 2049 2431 2112 ut
2472 2048 2876 2130 respondeam
2894 2074 2952 2114 15

611 2151 940 2234 praecipis,
1003 2169 1198 2234 quae
1255 2152 1339 2217 in
1394 2153 1633 2218 rebus
1692 2152 2057 2218 humanis
2118 2169 2519 2235 corporea,
2580 2170 2875 2236 quaeue

613 2256 1082 2338 incorporea
1123 2254 1540 2321 sentienda
1583 2256 1767 2322 sint.
1830 2256 1911 2321 ad
1953 2256 2107 2322 haec
2152 2254 2367 2339 aliqua.
2409 2273 2534 2320 non
2577 2274 2688 2337 pro
2734 2273 2878 2319 sen-

613 2377 718 2426 sus
762 2359 886 2424 mei
928 2359 1434 2442 praesumptione
1479 2359 1860 2442 depromam,
1910 2359 2019 2426 sed
2061 2377 2173 2442 pro
2204 2363 2559 2426 sanctorum
2590 2359 2877 2442 opinione

615 2461 950 2543 seniorum,
1009 2462 1377 2548 praesertim
1442 2481 1586 2529 cum
1646 2463 1797 2530 haec
1858 2465 2137 2531 animum
2184 2463 2425 2531 laedere
2468 2480 2591 2529 non
2636 2462 2880 2547 possint

615 2568 678 2629 et
737 2566 818 2631 ad
873 2564 1064 2632 fidem
1122 2567 1366 2633 nutrire
1425 2567 1670 2649 possint
1714 2571 1776 2633 et
1822 2586 2018 2651 usque
2059 2566 2137 2633 ad
2186 2568 2273 2653 id,
2322 2585 2443 2650 quo
2489 2568 2657 2649 patri
2702 2566 2872 2633 filius
2894 2595 2953 2635 20

719 2786 754 2841 2
787 2786 904 2857 pro]
939 2801 978 2861 p
1013 2787 1069 2841 Z
1260 2786 1536 2843 efficiabili
1571 2788 1594 2841 l
1796 2788 1831 2841 3
1866 2788 2023 2857 quae]
2059 2803 2163 2859 qne
2196 2788 2245 2839 Z
2259 2826 2273 2850 ,
2332 2802 2435 2847 om.
2481 2787 2740 2844 canisius

614 2874 651 2926 4
684 2874 741 2926 et
776 2888 878 2927 om.
916 2873 992 2939 Z,
1051 2871 1182 2930 add.
1227 2873 1492 2929 Cametas
1698 2874 1995 2943 conpellere
2038 2875 2092 2928 Z
2296 2872 2514 2943 dispicit
2558 2874 2615 2927 Z
2814 2877 2883 2926 ut

623 2958 913 3023 Camisiue,
971 2961 1030 3013 ct
1074 2960 1127 3015 Ζ
1326 2960 1360 3014 5
1407 2958 1764 3029 conloquatus
1801 2960 2062 3015 canisius
2271 2960 2302 3013 7
2348 2960 2645 3028 penituisse
2691 2956 2749 3012 Z

613 3060 728 3101 uox
750 3047 935 3100 tamen
959 3046 1220 3102 Hartelio
1241 3052 1498 3116 suspecta
1519 3044 1766 3112 uidetur,
1790 3046 2029 3113 fortasse
2052 3050 2267 3101 tantum
2291 3044 2639 3101 scribendum
2662 3051 2745 3100 est

613 3131 649 3186 8
694 3134 908 3186 mutata
947 3148 1090 3188 corr.
1126 3131 1385 3188 Oanis-we
1399 3172 1412 3198 ‚
1471 3134 1625 3187 mute
1670 3132 1720 3186 Ζ
1923 3132 2032 3188 ledi
2075 3133 2129 3186 Z
2332 3134 2366 3187 9
2414 3132 2647 3188 ledentis
2693 3132 2748 3186 Z

615 3236 686 3290 10
728 3222 792 3292 d}
837 3236 914 3303 Z,
972 3236 1170 3293 dicitur
1211 3236 1472 3293 canisius
1680 3238 1744 3291 11
1792 3236 2095 3305 predicatur
2140 3236 2196 3291 Ζ
2242 3233 2245 3238 '
2394 3248 2659 3291 sermones
2694 3236 2749 3292 Z

615 3322 682 3377 15
717 3323 1050 3393 questionem
1084 3322 1136 3377 Z
1315 3338 1353 3375 α
1386 3322 1574 3377 uerbis
1607 3326 1672 3376 ut
1705 3322 2046 3392 respondeam
2084 3324 2362 3392 praecipis,
2398 3338 2541 3393 quae
2575 3327 2765 3377 tamen
2796 3322 2883 3377 ὢν

612 3423 776 3464 uerso
810 3408 1004 3463 ordine
1037 3410 1101 3463 in
1133 3409 1207 3463 iis
1241 3414 1493 3464 exstant.-
1539 3410 1806 3477 praecipis
1842 3410 1907 3463 ut
1942 3408 2308 3478 respondeam,
2352 3408 2637 3477 incipiunt
2668 3408 2885 3463 codices

614 3494 884 3548 Mamerti
927 3495 1013 3549 his
1058 3496 1150 3548 uei
1193 3496 1750 3565 praescriptionibus.-
1805 3510 1988 3550 nvtvs
2033 3509 2235 3549 omnus
2282 3508 2502 3550 Ave-ron
2546 3508 2883 3549 mitonem

613 3593 758 3639 own
804 3594 1002 3634 norm
1048 3594 1280 3637 nomm
1325 3595 1454 3635 ren
1497 3596 1858 3639 consenum
1898 3595 2122 3637 cosma
2156 3595 2311 3638 aven
2346 3594 2703 3639 cmvmuws
2738 3594 2883 3633 unns

613 3681 726 3721 nos
771 3680 972 3721 uanos
1017 3680 1314 3723 nlssnnm
1362 3666 1529 3723 ABG
1565 3666 1751 3734 (huius
1784 3671 1975 3721 auctor
2010 3670 2093 3721 est
2125 3665 2361 3720 Faustus
2396 3664 2711 3734 Rhegiensis
2748 3663 2881 3720 add.

622 3752 710 3819 θ’)
765 3745 1015 3805 EFHM
1063 3750 1256 3817 (edidit
1293 3766 1403 3821 pro
1441 3751 1719 3820 disseruit)
1774 3752 1899 3816 RS,
1973 3766 2177 3807 Ionon
2226 3763 2501 3807 manner
2552 3762 2881 3810 mnsnoemvs

611 3851 832 3895 muffu-
867 3850 1093 3891 comen
1127 3850 1288 3894 em
1323 3852 1604 3893 msrvnm
1636 3852 1997 3893 mvmnws
2030 3850 2348 3894 muamus
2382 3836 2443 3891 D
2586 3834 2787 3891 codicis
2820 3835 2883 3889 D

614 3924 836 3993 collatio
869 3925 1036 3978 huius
1073 3924 1340 3991 epistulae
1374 3925 1508 3979 mihi
1535 3930 1763 3993 praesto
1796 3940 1911 3978 mm
1946 3930 2045 3991 est,
2079 3926 2143 3979 in
2177 3922 2453 3979 codicibus
2488 3921 2598 3977 GL
2642 3922 2884 3991 epistula

613 4010 840 4065 omnino
881 4025 996 4063 non
1041 4014 1252 4078 exetat5
1306 4024 1629 4065 comensum
1674 4008 1925 4065 codicum
1969 4008 2281 4066 Claudiam·
2324 4008 2594 4065 Mamerti
2634 4008 2885 4062 omnium

615 4094 936 4165 compendio
971 4094 1120 4162 (Ma)
1153 4095 1473 4165 siym‘ftcaui
1679 4095 1745 4148 17
1793 4094 1861 4149 ad
1908 4094 2241 4164 haec—pro]
2288 4110 2385 4148 nec
2430 4092 2518 4149 hic
2562 4092 2749 4163 aliqua.
2782 4108 2881 4161 pro

616 4181 872 4237 Schottus
1077 4196 1188 4235 non
1232 4196 1332 4237 om.
1377 4180 1509 4235 libri
1544 4186 1775 4251 practer
1819 4180 1946 4236 MZ
2146 4196 2329 4235 sensos
2376 4179 2451 4245 ΖΙ
2652 4178 2717 4234 18
2762 4194 2883 4247 pro-

615 4282 762 4323 mam
808 4266 862 4321 Z
889 4264 1148 4321 canisius
1353 4265 1639 4337 oppinione
1686 4266 1742 4319 Z
1955 4265 2020 4319 19
2066 4266 2297 4319 animam
2345 4265 2451 4318 Ma
2666 4265 2737 4319 20
2784 4281 2884 4317 nu-

614 4352 750 4407 trire
785 4352 854 4405 ad
887 4350 1046 4405 fidem
1082 4351 1190 4405 Ma
1396 4353 1616 4421 possent
1650 4352 1705 4404 Z
1905 4351 2045 4421 qnod
2079 4351 2249 4406 MRb
