3175 5050
1019 445 1110 499 De
1146 447 1338 499 statu
1381 448 1645 503 animae
1690 413 1868 504 1‘110.
2452 421 2577 518 139

308 635 620 700 sincerum
637 637 670 700 ἓ
728 633 880 716 quid
927 634 1142 701 autem
1186 653 1326 700 mea
1368 635 1577 714 refert,
1644 636 1793 718 quid
1837 655 2017 718 porro
2080 637 2325 704 adtinet
2370 641 2574 724 inpios

307 741 384 805 ob
429 739 780 804 detractam
824 737 1072 804 diuinae
1119 739 1380 822 imagini
1425 739 1803 824 dignitatem
1844 740 2149 806 diuinitus
2180 741 2393 825 plecti,
2428 761 2575 810 cum

304 843 538 909 memet
581 843 902 924 inpietatis
947 842 1207 909 huiusce
1252 842 1494 925 laqueis
1539 846 1823 909 nouerim
1867 863 1992 910 non
2023 846 2266 910 teneri?
2311 846 2574 930 proinde

305 964 526 1012 moneo
571 945 846 1012 facessas
889 964 1003 1010 nec
1045 946 1392 1013 sententiae
1439 947 1590 1012 talis
1628 947 1959 1013 infamiam
1993 947 2155 1013 mihi
2185 950 2573 1016 mendaciter

262 1083 290 1122 5
307 1050 540 1116 inuras.
616 1067 781 1115 nunc
827 1067 941 1132 ego
987 1048 1112 1114 nisi
1153 1049 1368 1114 renuis
1414 1048 1482 1114 in
1529 1053 1645 1114 tua
1686 1051 1897 1116 tecum
1940 1053 2144 1134 redeo,
2189 1070 2262 1116 ex
2301 1055 2440 1136 quis
2471 1071 2573 1120 ar-

305 1153 643 1231 bitrabere,
687 1153 1057 1218 utrumnam
1101 1150 1274 1218 istud
1317 1151 1384 1217 in
1434 1152 1637 1234 inpios
1691 1153 2042 1235 prophetici
2084 1157 2388 1221 sermonis
2435 1174 2576 1222 ora-

307 1257 519 1323 culum
565 1274 646 1321 an
687 1259 753 1322 in
797 1261 862 1323 te
904 1256 990 1322 sit
1031 1260 1428 1338 porrectum,
1472 1258 1535 1321 te
1581 1255 1851 1341 scilicet,
1906 1257 1971 1322 te
2016 1257 2221 1341 magis
2267 1258 2574 1341 perstrin-

305 1362 438 1446 gat,
499 1360 606 1444 qui
648 1361 979 1444 praetento
1035 1359 1331 1426 scientiae
1385 1358 1723 1442 priuilegio
1775 1361 1995 1425 contra
2038 1359 2277 1427 famam
2323 1361 2575 1428 deditus

305 1465 655 1531 sententiae
713 1467 776 1529 et
834 1467 1048 1530 contra
1095 1463 1470 1528 sententiam
1515 1462 1826 1528 sollicitus
1886 1461 2085 1528 famae
2130 1463 2369 1542 eadem,
2419 1482 2575 1549 quae

237 1603 290 1643 10
305 1568 454 1633 istic
495 1568 674 1633 uelut
719 1567 923 1632 aliena
979 1566 1210 1645 renuis,
1257 1566 1391 1632 illic
1449 1563 1673 1630 itidem
1724 1565 1926 1631 ueluti
1968 1566 2221 1650 propria
2265 1567 2571 1634 defendis

390 1669 490 1736 Ne
559 1671 700 1753 quis
765 1670 851 1736 sit
906 1673 1122 1734 tamen
1177 1669 1286 1736 uel
1347 1667 1506 1734 mihi
1559 1685 1739 1732 secus
1794 1667 2249 1751 interpretandi
2301 1670 2405 1739 uel
2450 1669 2575 1735 tibi

306 1774 514 1840 forsan
559 1772 876 1839 infitiandi
917 1773 1109 1851 locus,
1156 1771 1223 1836 in
1276 1770 1771 1854 praesentiarum
1816 1789 2003 1853 super
2039 1772 2265 1854 quibus
2318 1772 2575 1858 agimus

306 1879 581 1959 utraque<
629 1877 976 1942 uideamus,
1050 1875 1354 1956 propheta
1408 1893 1633 1956 nempe
1689 1873 1843 1940 dicit
1901 1873 2107 1956 inpios
2168 1874 2403 1941 dicere:
2454 1894 2575 1940 ex·-

305 1981 702 2046 sti-nctum
764 1979 972 2044 cinis
1038 1979 1198 2044 erit
1272 1995 1552 2060 corpus
1626 1978 1983 2043 nostrum
2068 1983 2141 2044 et
2226 1979 2573 2063 spiritus

236 2081 832 2158 15diffundetur
889 2085 1294 2163 tamquam
1344 2080 1618 2147 mollis
1662 2099 1807 2146 aer.
1883 2081 2205 2147 enimuero
2250 2082 2387 2148 tute
2418 2081 2573 2165 quid

307 2186 508 2253 dicis?
553 2185 996 2252 nonnullae
1059 2187 1276 2263 sunt,
1329 2183 1559 2267 inquis,
1604 2182 2028 2266 spiritales
2070 2188 2440 2265 naturae,
2484 2188 2576 2250 ut

305 2290 612 2374 angeli,
670 2287 1143 2371 archangeli
1187 2290 1659 2369 ceteraeque
1714 2285 2101 2370 uirtutes,
2157 2287 2329 2370 ipsa
2392 2305 2572 2369 quo-

308 2411 450 2475 que
497 2394 759 2458 anima
803 2391 1082 2456 nostra
1124 2389 1253 2455 uel
1297 2389 1515 2456 certe
1549 2389 1874 2454 aeriste
1905 2388 2279 2472 subtilis,
2312 2390 2574 2456 tamen

305 2497 830 2578 incorporeae
873 2492 1352 2560 nullatenus
1398 2490 1969 2559 aestimandae.
2015 2492 2291 2573 intende,
2322 2510 2571 2576 quaeso,

237 2636 290 2676 ω
309 2602 610 2681 animum,
654 2618 766 2682 pro
785 2600 1071 2691 ,quisque
1109 2598 1310 2662 nostri
1339 2595 1599 2678 arbiter,
1641 2595 1853 2678 ferque
1896 2594 2225 2680 iudicium,
2256 2596 2421 2661 sitne
2451 2598 2572 2663 ali·

306 2702 470 2786 quod
544 2701 1042 2785 prolocutionum
1115 2700 1413 2765 harumce
1481 2698 1851 2765 discrimen:
1916 2698 2077 2781 inpii
2144 2699 2223 2764 de
2295 2699 2573 2765 humano

305 2804 552 2889 spiritu,
585 2806 660 2871 de
706 2806 916 2870 anima
960 2803 1256 2869 uidelicet
1300 2803 1580 2868 humana
1625 2801 1934 2882 dixerunt,
1985 2804 2149 2885 quod
2192 2802 2575 2869 diffundatur

513 2967 579 3022 16
614 2966 682 3025 cf.
719 2981 841 3036 pag.
881 2967 967 3032 10,
1007 2968 1036 3020 1

411 3115 437 3168 1
477 3114 737 3168 sinceram
773 3114 848 3167 M
858 3113 890 3167 b
1096 3113 1190 3181 qui
1225 3112 1282 3167 R
1475 3112 1545 3167 ad
1580 3128 1665 3167 me
1704 3112 1774 3167 M
1784 3112 1815 3165 b
2014 3109 2183 3178 impio
2221 3109 2321 3162 sub
2356 3108 2574 3177 BER,
2628 3098 2635 3105 ¹

306 3234 498 3304 impios
531 3233 632 3289 sub
665 3235 747 3300 A,
805 3232 998 3302 impios
1032 3204 1106 3286 {ib
1142 3233 1267 3299 LS,
1325 3234 1492 3302 impio
1530 3234 1599 3287 ob
1632 3233 1710 3287 Μ
1714 3233 1746 3287 b
1947 3232 1981 3284 2
2016 3230 2257 3298 imagine
2293 3226 2575 3293 BIPRS’,

305 3322 561 3392 imaginis
606 3320 750 3375 AG'
956 3318 1216 3373 diuinitas
1261 3318 1528 3375 ΒΗἯΗι
1734 3318 1771 3372 4
1814 3318 2025 3387 moneo]
2071 3331 2178 3370 non
2226 3313 2358 3371 aad.
2403 3314 2576 3368 ΔΒΖ)

305 3424 424 3480 EF
629 3407 760 3509 tan}
805 3423 855 3477 a
1059 3424 1093 3477 5
1135 3439 1238 3491 ego
1273 3439 1376 3479 om.
1415 3424 1523 3479 m
1728 3423 1945 3477 rennuis
1980 3418 2287 3477 Aocfflffi
2489 3432 2577 3471 ar-

303 3526 574 3581 bitrauere
635 3525 960 3583 GGHLRS
1193 3526 1227 3579 6
1279 3527 1423 3580 istuc
1475 3526 1582 3583 RS
1814 3523 2117 3594 prophetice
2169 3519 2577 3587 ABGHLRS,

303 3612 589 3682 prophicae
643 3612 691 3667 G
891 3612 926 3665 ⁷
973 3615 1433 3681 an—porrcctum
1480 3627 1580 3667 om.
1637 3610 1769 3665 libri
1804 3614 2037 3679 praeter
2084 3608 2157 3663 M
2200 3624 2385 3663 omnes
2432 3607 2577 3675 (cum

308 3700 436 3766 PT)
491 3706 544 3755 et
597 3698 716 3753 Βοὴ.
963 3699 1330 3769 praestringat
1382 3696 1715 3754 AGEFGR
1736 3696 1857 3751 Βοὴ.
1870 3736 1884 3763 ,
1951 3694 2276 3765 perstringit
2317 3709 2363 3762 p
2377 3733 2391 3758 ,
2459 3708 2579 3762 pre-

307 3786 537 3855 stringit
572 3785 647 3839 M
652 3786 686 3839 b
893 3786 929 3839 8
963 3784 1258 3855 priuilegiu
1290 3786 1347 3838 A
1551 3784 1586 3837 9
1633 3782 1947 3851 sententiae]
1986 3781 2238 3835 scientiae
2274 3778 2441 3835 MRb
2466 3838 2473 3847 ‚

299 3873 550 3950 eademq·
609 3870 1178 3936 ABGGHLMRSb,
1248 3871 1536 3940 eademqne
1586 3870 1647 3923 D
1855 3868 1924 3922 10
1976 3866 2197 3922 rennuis
2247 3864 2429 3921 AGH
2431 3864 2579 3930 ¹123,

306 3960 516 4029 respuis
559 3961 630 4027 1⁹²
835 3961 892 4013 et
939 3964 1068 4026 post
1118 3957 1238 4012 illic
1288 3958 1488 4013 inserit
1532 3957 1608 4010 M
1614 3957 1647 4010 b
1857 3955 1916 4008 11
1973 3953 2107 4022 quid
2156 3950 2587 4007 ABOD¹EFH

305 4046 484 4103 LRS¹
695 4044 760 4099 12
813 4042 1087 4099 inficiendi
1140 4044 1279 4098 BH·
1495 4042 1565 4095 13
1617 4041 1909 4098 exstinctus
1966 4038 2020 4095 G
2047 4037 2167 4093 Sol».
2376 4036 2443 4091 19
2495 4051 2580 4090 ex-

304 4131 666 4187 histimandae
713 4131 810 4195 Μ,
869 4128 1258 4185 existimandae
1297 4129 1330 4183 b
1548 4127 1620 4181 20
1662 4126 1779 4196 pro]
1826 4127 1883 4180 te
1928 4123 2061 4179 add.
2107 4124 2139 4177 b
2344 4121 2581 4177 arbitrer

303 4218 362 4275 B
545 4217 758 4285 fertque
797 4218 851 4273 G
1025 4214 1236 4284 aliquid
1267 4214 1386 4270 AD
1565 4214 1634 4269 21
1672 4212 2097 4281 prolocutionem
2131 4208 2189 4265 R
2358 4208 2579 4263 harusce

303 4304 404 4371 M,
473 4305 670 4359 harum
724 4304 756 4359 b
970 4302 1042 4355 22
1091 4299 1324 4355 hnmana
1375 4299 1635 4355 uidelicet
1684 4297 1868 4353 anima
1917 4297 1993 4351 M
2038 4296 2270 4351 editores
2472 4294 2580 4352 dif-

306 4388 556 4444 funditur
589 4390 704 4444 Mb
