3175 5050
639 440 762 521 106
1402 436 1769 493 Claudiani
1804 436 2127 491 Mamerti

636 648 744 711 pro
788 646 911 693 non
957 628 1354 708 corporatum
1400 626 1562 691 uelis
1606 625 1911 709 intellegi,
1965 627 2111 709 plus
2156 626 2334 693 nobis
2382 643 2567 709 quam
2610 626 2893 690 uolumus

638 732 858 816 sponte
915 730 1184 813 largiriS,
1246 730 1393 812 quia
1451 730 1504 795 si
1563 733 1781 795 auctor
1838 748 2051 795 rerum
2096 748 2253 813 quae
2314 729 2464 795 fecit
2508 730 2723 793 omnia
2776 748 2895 795 non

639 836 1008 918 corporauit,
1054 834 1189 898 sine
1220 850 1474 916 corpore
1503 833 1654 898 sunt
1683 852 1825 917 ergo
1858 850 2286 916 quaecumque
2316 833 2482 899 sunt.
2552 832 2723 897 enim
2748 851 2894 897 uero

638 938 802 1022 quod
849 939 948 1003 est
990 941 1053 1002 et
1097 936 1329 1019 absque
1374 953 1629 1019 corpore
1697 938 1789 1001 est
1845 938 2273 1020 incorporeum
2318 954 2451 1001 esse
2492 952 2740 1000 necesse
2782 939 2893 1011 est,

640 1042 806 1125 quod
836 1039 1062 1106 Graeci
1093 1037 1438 1124 elegantius
1469 1031 1819 1124 ἀσώματον
1848 1042 2097 1105 uocant.
2148 1041 2245 1105 sin
2276 1043 2489 1105 autem
2520 1039 2703 1105 istius
2732 1040 2897 1104 modi
2932 1061 2953 1100 5

640 1142 1094 1227 praepositione
1137 1142 1511 1225 simpliciter
1569 1161 1719 1211 usus
1767 1161 1847 1221 es,
1899 1142 2222 1207 incurristi
2265 1144 2503 1207 nescius
2548 1143 2895 1217 ueritatem

636 1267 746 1332 per
801 1248 1061 1313 eandem
1118 1249 1331 1313 tamen
1391 1247 1815 1329 ignorantiam
1874 1263 1997 1312 uno
2056 1247 2308 1311 tantum
2356 1246 2570 1328 lapsus
2616 1245 2897 1321 articulo,

639 1354 799 1435 quod
867 1350 1080 1417 omnia
1144 1350 1540 1433 incorporata
1606 1349 1841 1429 dixisti,
1900 1366 2047 1413 cum
2104 1348 2263 1415 satis
2320 1350 2567 1414 constet
2634 1349 2897 1432 duplicis

630 1458 951 1522 >creaturae
1003 1452 1426 1519 substantiam
1483 1456 1576 1519 sic
1634 1452 2103 1519 ordinatissima
2168 1453 2309 1535 lege
2352 1453 2757 1535 conpositam,
2828 1457 2900 1519 ut

633 1576 816 1624 omne
881 1558 1158 1623 creatum
1225 1558 1659 1639 incorporeum
1705 1558 1771 1621 et
1812 1557 2273 1638 incorporatum
2342 1556 2448 1632 sit,
2506 1574 2633 1621 non
2686 1556 2897 1621 autem
2913 1576 2953 1615 ιο

633 1680 816 1725 omne
873 1678 1236 1742 corporeum
1300 1659 1386 1725 sit
1443 1663 1506 1724 et
1553 1659 1924 1725 animatum.
1998 1677 2071 1725 ac
2115 1676 2224 1740 per
2265 1658 2383 1723 hoc
2437 1660 2897 1741 incorporatum

633 1782 856 1847 corpus
899 1762 1024 1829 dici
1069 1780 1193 1828 non
1235 1763 1444 1845 potuit
1486 1762 1667 1826 uelut
1710 1762 1779 1826 in
1826 1778 2047 1845 corpus
2090 1761 2382 1845 missum,
2436 1762 2584 1844 quia
2612 1762 2895 1845 incorpo-

629 1867 794 1931 ratio
850 1866 929 1930 ad
972 1865 1154 1931 illam
1195 1868 1464 1949 pertinet
1509 1864 1743 1948 absque
1788 1864 2204 1948 ambiguitate
2247 1868 2559 1948 naturam,
2604 1884 2765 1947 quae
2814 1869 2894 1939 et,

631 1971 1000 2055 priusquam
1043 1972 1440 2054 incorporata
1484 1971 1597 2049 est,
1646 1988 1767 2035 non
1824 1969 1951 2035 fuit
1992 1988 2215 2051 corpus
2269 1972 2355 2053 et,
2412 1971 2742 2052 postquam
2803 1971 2899 2033 ine

634 2078 959 2156 corporata
1011 2077 1128 2156 est,
1185 2090 1308 2137 non
1362 2074 1458 2137 est
1493 2090 1745 2155 corpus.
1818 2072 1873 2137 si
1935 2090 2084 2139 uero
2128 2073 2521 2154 incorporata
2570 2072 2784 2137 omnia
2830 2090 2953 2135 eon

633 2179 891 2244 forsitan
949 2195 1133 2241 sensu
1195 2176 1432 2252 dixisti,
1480 2194 1602 2258 quo
1646 2176 1766 2241 dici
1823 2176 2006 2257 plane
2052 2175 2277 2257 potuit,
2327 2176 2445 2241 etsi
2478 2186 2613 2240 'non
2659 2174 2896 2252 debuit,

632 2283 840 2348 omnia
870 2280 1038 2345 facta
1066 2298 1199 2345 esse
1230 2297 1539 2362 corporea,
1573 2280 1860 2345 excidisti
1892 2280 2126 2362 pariter
2156 2283 2217 2345 et
2250 2299 2287 2343 a
2311 2278 2693 2362 proprietate
2724 2278 2898 2345 uerbi

631 2386 694 2449 et
737 2404 775 2449 a
819 2385 1058 2450 ratione
1112 2384 1270 2468 ueri,
1330 2384 1476 2467 quia
1519 2384 1574 2448 si
1618 2385 1821 2449 omnis
1880 2388 2167 2449 creatura
2222 2400 2515 2466 corporea
2572 2387 2687 2463 est,
2734 2382 2897 2447 nihil

628 2486 1096 2569 incorporatum
1144 2490 1273 2552 est:
1317 2489 1372 2555 si
1417 2490 1634 2553 autem
1663 2487 2091 2571 incorporeum
2126 2487 2275 2570 quid
2306 2487 2591 2553 creatum
2624 2489 2741 2566 est,
2770 2502 2896 2552 non

630 2593 726 2656 est
770 2592 971 2657 omnis
1016 2593 1302 2657 creatura
1348 2607 1654 2676 corporea.
2910 2611 2953 2652 20

709 2694 830 2761 Sed
873 2713 999 2759 una
1043 2695 1194 2758 haec
1223 2695 1561 2776 eademque
1593 2711 1783 2759 causa
1812 2696 1925 2776 est,
1968 2711 2127 2776 quae
2159 2694 2223 2758 te
2253 2693 2595 2776 multiplici
2624 2693 2894 2758 inuoluit

627 2819 864 2867 errore:
933 2815 1166 2878 magna
1233 2798 1524 2864 uidelicet
1589 2817 1800 2863 rerum
1866 2797 2176 2879 ignoratio
2240 2803 2306 2862 et
2372 2797 2672 2862 scientiae
2732 2795 2894 2860 mira

567 2940 571 2944 -
628 2904 1075 2987 praesumptio.
1151 2903 1300 2968 hinc
1345 2903 1573 2986 quippe
1618 2903 1694 2968 fit
1738 2904 1809 2967 ut
1854 2903 1955 2966 uel
1992 2903 2251 2986 spiritus
2284 2906 2642 2985 corporatos
2672 2917 2894 2983 corpus

627 3025 762 3072 esse
809 3009 1020 3073 credas
1064 3008 1170 3072 uel
1211 3007 1368 3071 item
1409 3024 1668 3088 corpora
1718 3007 2108 3088 incorporata
2137 3005 2418 3072 definias.
2484 3003 2729 3070 inistis
2756 3006 2893 3068 tam

626 3111 970 3176 dialecticis
1027 3109 1531 3176 conclusionibus
1589 3109 1720 3173 tuis
1780 3127 2026 3190 semper
2082 3109 2203 3175 tibi
2246 3110 2459 3174 ueniat
2503 3107 2571 3172 in
2616 3107 2892 3172 mentem
2908 3130 2951 3170 2⁵

623 3213 796 3280 illius
843 3232 1030 3296 quam
1085 3214 1455 3279 inurendam
1500 3211 1678 3277 ducis
1724 3211 1869 3276 aliis
1915 3212 2029 3276 alti
2086 3213 2310 3277 erroris
2367 3210 2718 3276 infamiam.
2797 3208 2892 3273 di·

726 3486 757 3538 1
792 3501 886 3554 pro
923 3486 998 3541 M
1029 3491 1084 3540 et
1119 3487 1373 3551 editores,
1430 3502 1532 3542 om.
1568 3487 1683 3540 rell.
1882 3487 2162 3554 corporato
2200 3485 2433 3541 editores
2641 3483 2893 3552 intellegi

623 3571 807 3625 uolens
854 3572 926 3638 F,
986 3573 1174 3627 uolens
1218 3573 1469 3642 intellegi
1509 3574 1582 3640 1⁰²
1788 3574 1822 3626 2
1868 3573 2029 3641 quae]
2075 3572 2169 3646 qui
2214 3573 2246 3626 b
2449 3571 2486 3625 4
2531 3570 2891 3626 necessarium

622 3655 680 3713 Β
859 3659 894 3712 5
918 3657 1214 3726 eligantius
1239 3658 1346 3712 RS
1423 3673 1428 3678 ·
1511 3660 1786 3712 asomaton
1824 3658 1952 3714 libri
2124 3659 2172 3711 si
2216 3657 2498 3722 θωπικαὶ,
2552 3658 2667 3712 sint
2701 3660 2757 3712 A

621 3744 655 3798 6
691 3743 1088 3812 praepositione
1121 3743 1564 3808 D²E²FL²MS,
1627 3743 2075 3813 praepositionem
2110 3743 2719 3809 ABGDOEUHHR,
2775 3759 2890 3814 pro-

623 3829 892 3897 positione
928 3829 1165 3884 editores
1371 3830 1407 3884 8
1443 3830 1597 3900 satis]
1635 3830 1759 3884 istis
1800 3831 1854 3886 G
2060 3829 2094 3884 9
2129 3833 2427 3898 composita
2463 3829 2495 3884 b
2702 3829 2769 3884 12
2803 3828 2892 3883 uel

611 3918 683 3984 1²²
886 3913 955 3969 14
989 3905 1282 3984 'incorpora
1328 3915 1385 3971 Β
1589 3917 1661 3986 et]
1712 3915 1805 3970 sed
1849 3916 1925 3970 M
1930 3917 1961 3971 b
2169 3917 2234 3971 15
2284 3916 2331 3971 si
2378 3915 2452 3970 M
2481 3914 2744 3983 editore-3,
2805 3917 2888 3973 sin

615 4001 739 4057 'rell
949 4001 1016 4054 16
1076 4001 1262 4055 dixisti
1316 4018 1474 4056 sensu
1530 4001 1577 4057 S
1778 4003 1919 4072 quod
1971 4002 2249 4058 Barthius
2458 4001 2524 4056 17
2578 4002 2647 4056 ad
2697 4001 2754 4057 Β

622 4115 690 4178 18
734 4137 768 4176 a
803 4122 1030 4192 ratione]
1067 4123 1309 4176 oratione
1352 4122 1409 4179 Β
1612 4123 1679 4179 21
1735 4122 1863 4178 haec
1914 4139 2015 4178 om.
2074 4123 2119 4177 S
2317 4121 2387 4176 24
2439 4087 2641 4176 defluas
2695 4123 2752 4178 Β

617 4211 728 4264 ista
753 4223 820 4277 p·
1003 4211 1184 4262 tamen
1212 4211 1298 4277 12²,
1354 4209 1468 4263 iam
1513 4209 1565 4264 Cr*
1772 4209 1841 4264 26
1878 4209 2001 4263 aliis
2038 4224 2139 4263 om.
2178 4207 2210 4262 b
2416 4208 2647 4264 infamia
2682 4207 2885 4272 H'LS,

565 4355 586 4382 ,
617 4292 1186 4438 ῗὶαῗὲἷίιΒὲηῆίαε
1380 4295 1548 4350 uerba
1581 4293 2106 4350 illius-infamiam
2140 4295 2220 4350 sic
2253 4295 2539 4350 collocari:
2593 4294 2627 4348 b
2664 4310 2695 4348 e
2729 4311 2767 4364 g
2800 4294 2827 4348 f
2860 4311 2887 4348 c
