3175 5050
673 438 798 506 134
1439 437 1811 493 Claudiani
1846 437 2163 492 Mamerti

669 629 837 695 haud
894 627 1075 695 dubie
1130 625 1548 708 Hieronymus
1610 626 1773 691 nihil
1830 627 1905 691 de
1965 626 2178 691 anima
2235 627 2461 692 sentire
2506 625 2659 712 dicit
2702 626 2920 703 uerius,

673 731 839 796 nihil
883 730 1200 813 disputare
1257 747 1436 812 posse
1492 728 1847 811 perfectius,
1924 747 2000 794 en
2043 729 2165 794 tibi
2209 730 2362 794 duos
2406 727 2921 812 praeclarissimos

673 835 988 898 uirtutum
1044 832 1588 915 doctrinarumque
1631 830 2120 914 praeeminentia
2161 833 2347 916 longe
2397 850 2577 915 porro
2621 831 2924 914 praeditos

673 955 859 1019 super
920 939 1094 1001 statu
1137 935 1379 1001 animae
1422 935 1658 1000 sentire
1716 934 2043 1001 nobiscum
2086 935 2508 1019 inermemque
2552 936 2618 1000 te
2662 935 2924 1000 auctori-

674 1039 832 1106 tatis
890 1040 1156 1125 pondere
1221 1040 1285 1104 et
1348 1038 1613 1105 rationis
1673 1039 1915 1105 uiribus
1965 1039 2419 1123 prosternidare
2472 1039 2976 1122 disparatosques

673 1143 1028 1227 corporibus
1072 1142 1315 1208 unitate
1361 1142 1704 1226 sapientiae
1751 1143 1905 1208 duas
1952 1143 2190 1206 animas
2236 1160 2429 1208 unam
2472 1142 2693 1208 facere.
2774 1140 2924 1204 unde

671 1249 946 1313 multum
990 1249 1180 1313 miror
1222 1246 1677 1330 Hieronymum
1722 1247 1841 1312 tibi
1885 1248 2114 1312 testem
2159 1246 2448 1324 citatum,
2496 1262 2641 1309 cum
2682 1243 2924 1327 potissi-

672 1369 814 1416 mus
859 1351 1266 1416 tractatorum
1314 1353 1576 1421 minime
1621 1349 1901 1434 potuerit
1946 1353 2008 1416 et
2043 1367 2154 1432 pro
2208 1349 2419 1414 anima
2448 1351 2511 1412 et
2542 1347 2611 1411 in
2656 1347 2925 1412 animam

673 1453 1003 1537 disputare,
1063 1472 1440 1536 quamquam
1501 1472 1661 1536 quae
1708 1473 1781 1517 ex
1826 1455 2043 1520 eodem
2088 1455 2419 1519 aduersum
2462 1469 2575 1516 nos
2620 1450 2797 1516 haud
2838 1449 2923 1514 in-

669 1556 926 1621 tellecta
980 1543 1245 1640 posuisti
1302 1556 1482 1622 nobis
1536 1575 1608 1621 eo
1652 1575 1851 1638 usque
1897 1556 2261 1634 conducant,
2332 1554 2427 1618 uti
2470 1573 2660 1638 quam
2711 1551 2971 1622 callidem

669 1677 794 1724 non
837 1660 1250 1739 aduersariuS‚
1312 1680 1531 1725 uerum
1576 1661 2042 1742 praeuaricator
2084 1658 2527 1725 subordinatus
2573 1675 2713 1722 esse
2760 1656 2921 1722 uide-

670 1763 812 1841 atis,
862 1763 968 1843 qui
1010 1763 1187 1828 uelut
1234 1764 1605 1828 adsentante
1659 1762 1946 1828 conludio
1992 1763 2215 1829 feceris
2261 1779 2374 1826 nos
2420 1761 2549 1826 tuis
2592 1757 2921 1824 admodum

668 1867 934 1932 testibus
978 1868 1245 1932 uincere.
1324 1869 1550 1951 quippe
1609 1867 1952 1950 gloriosum
2010 1867 2315 1933 uictoriae
2358 1883 2552 1948 genus
2598 1866 2697 1929 est
2744 1864 2824 1928 ab
2866 1881 2921 1926 eo

672 1987 816 2034 cum
861 1988 980 2052 quo
1026 1969 1303 2034 decertes
1349 1987 1523 2036 arma
1561 1988 1779 2053 capere
1813 1969 2287 2054 quaesitumque
2318 1965 2670 2035 aduersario
2706 1966 2923 2032 testem

674 2069 852 2136 illinc
893 2072 1058 2136 stare
1103 2073 1168 2137 et
1209 2073 1396 2138 istinc
1449 2073 1671 2140 dicere.
2312 2132 2319 2138 .
2938 2103 2973 2143 1⁵

751 2189 850 2256 Ne
897 2192 1046 2275 quid
1091 2194 1306 2258 tamen
1351 2212 1607 2278 segnem
1654 2212 1755 2258 me
1801 2191 2219 2260 redhibendae
2265 2190 2721 2257 uicissitudinis
2772 2188 2922 2254 arbi-

669 2295 875 2375 trer-ie,
932 2299 1114 2378 prout
1171 2297 1344 2362 locus
1392 2300 1482 2362 est
1528 2315 1748 2362 moneo
1807 2299 2288 2362 consentaneum
2333 2293 2537 2378 magis
2580 2291 2703 2359 tibi
2741 2309 2923 2373 super

666 2399 976 2465 sententia
1033 2404 1144 2465 tua
1203 2401 1535 2466 Pictauum
1601 2399 1920 2465 Hilarium
1988 2417 2123 2464 esse
2180 2399 2472 2482 potuisse,
2527 2395 2635 2478 qui
2680 2393 2922 2460 scilicet

663 2502 830 2570 inter
889 2503 1184 2589 conplura
1248 2504 1703 2588 praecelsarum
1763 2502 2261 2586 disputationum
2324 2519 2580 2567 suarum
2630 2496 2921 2582 quiddam

769 2779 798 2832 1
851 2781 947 2831 aut
1001 2776 1246 2834 BGH¹R
1451 2779 1644 2833 sentiri
1688 2777 2003 2833 DEFH‘L
2037 2778 2273 2832 editores
2480 2775 2629 2829 dicat
2675 2774 2800 2830 Sch.

663 2864 698 2918 2
752 2863 1018 2932 disputari
1072 2863 1176 2918 LS
1203 2865 1437 2919 editores
1643 2865 1677 2918 3
1732 2864 2120 2934 praeminentia
2173 2862 2336 2920 BRS
2534 2862 2699 2930 longo
2749 2861 2803 2915 B

665 2948 940 3019 praeditus
974 2948 1252 3006 A¹BH¹R
1265 2989 1278 3015 ,
1337 2950 1640 3019 praedictos
1677 2952 1709 3005 b
1914 2950 1950 3003 4
1996 2951 2203 3005 statum
2250 2944 2589 3005 ABDEFR
2799 2947 2924 3001 iner-

664 3050 917 3105 mumque
964 3035 1096 3089 libri
1132 3040 1367 3105 praeter
1409 3036 1530 3091 GM
1732 3038 1767 3089 5
1817 3035 2215 3105 prosternidare
2262 3036 2667 3103 disparatosque
2724 3033 2921 3102 scripsi,

665 3120 1135 3190 prosternidaretis
1179 3125 1501 3192 paratosque
1549 3124 1861 3191 (partosque
1906 3122 2005 3188 Μ,
2064 3121 2370 3191 paratisque
2416 3119 2847 3187 ABFHLRff)
2878 3119 2926 3172 A

666 3207 1211 3275 BOFGHLMRS¹‚
1278 3210 1546 3278 prosterni
1598 3210 1765 3263 claret
1816 3208 2182 3277 separatisque
2232 3207 2375 3273 DE,
2444 3206 2719 3277 prosterni
2771 3206 2923 3261 claret

667 3294 976 3364 paratisque
1021 3296 1084 3351 F
1111 3297 1174 3351 in
1209 3312 1378 3366 mary.
1393 3336 1406 3361 ,
1467 3296 1739 3365 prosterni
1772 3295 1939 3350 claret
1973 3294 2367 3364 disparatisque
2404 3294 2485 3360 δ”,
2546 3287 2818 3363 prosterni
2849 3292 2922 3346 in-

665 3384 780 3435 star
823 3381 1041 3437 Daretis
1090 3384 1426 3451 partitaeque
1474 3382 1835 3450 (partitosque
1869 3382 1920 3449 b)
1964 3381 2069 3451 bp,
2128 3383 2461 3449 prosternere
2504 3379 2600 3449 qui
2644 3379 2921 3449 disparatis

667 3468 918 3523 Schottus
954 3485 983 3522 e
1017 3470 1196 3524 codice
1235 3470 1288 3523 Τ
1489 3470 1524 3523 6
1559 3468 1807 3523 ullnitate
1842 3468 1922 3533 L,
1984 3466 2227 3522 uanitate
2264 3467 2384 3523 sch.
2580 3467 2815 3537 animas]
2849 3466 2919 3519 uis

662 3554 795 3609 add.
833 3553 951 3610 Βοὴ.
1158 3555 1190 3609 7
1228 3556 1605 3627 iheronymum
1642 3556 1735 3617 Μ,
1794 3554 2111 3609 ieronimum
2148 3554 2195 3609 Β
2386 3553 2491 3608 tibi
2529 3570 2629 3608 om.
2666 3554 2801 3623 139²

660 3638 697 3695 8
731 3642 1028 3695 tractorum
1057 3642 1244 3698 0H¹R
1416 3642 1450 3696 9
1486 3646 1583 3695 aut
1614 3639 1857 3697 GGH²R
2030 3640 2097 3693 10
2128 3654 2230 3693 nos
2268 3638 2533 3711 Galland.
2710 3639 2773 3693 11
2812 3636 2920 3691 sub·

663 3724 962 3796 ordinatus]
1011 3727 1076 3781 in
1119 3744 1294 3799 mqu.
1339 3730 1363 3781 1
1399 3726 1725 3781 subornatus
1770 3725 1901 3780 add.
1945 3724 2033 3799 D„
2094 3726 2421 3779 subornatus
2474 3724 2620 3779 coni.
2672 3724 2799 3779 Sca.

665 3811 734 3888 12
765 3812 1078 3867 adsectante
1098 3812 1156 3867 B
1168 3854 1183 3879 ,
1239 3812 1556 3868 absentante
1583 3813 1638 3869 θ’·
1823 3813 1891 3866 14
1913 3810 2129 3881 quicum
2157 3811 2212 3867 G'·
2396 3810 2638 3865 decertas
2672 3810 2803 3879 Ην

667 3914 1035 3970 aduersarium
1085 3916 1218 3971 libri
1260 3921 1492 3985 praeter
1551 3914 1734 3972 GGM
1969 3916 2039 3970 15
2090 3916 2234 3969 stine
2278 3916 2431 3979 ΒΗ,
2502 3879 2647 3969 stine
2701 3912 2808 3967 128

662 4000 866 4060 deicere
905 4000 1024 4057 Sca.
1217 4004 1284 4057 16
1318 4004 1503 4057 tamen
1540 4018 1761 4072 segnem
1794 4003 1850 4057 A
1878 4000 1996 4057 Seli.
2013 4044 2026 4069 ,
2086 4004 2267 4056 tamen
2304 4001 2521 4071 insigne
2566 4000 2644 4067 0,
2704 4001 2817 4054 tam
2850 3998 2920 4050 in-

661 4086 820 4154 signe
854 4086 1034 4154 ΗΕΒ,
1095 4090 1211 4143 tam
1247 4089 1464 4157 insigne
1499 4088 1619 4145 rell.
1658 4093 1709 4143 et
1744 4089 1777 4143 b
1788 4128 1806 4157 ‚
1864 4091 2044 4143 tamen
2078 4088 2281 4157 fingere
2320 4088 2593 4143 Bar-thius
2783 4102 2817 4139 a
2848 4096 2920 4137 me

658 4187 720 4243 D
925 4190 1214 4263 redibende
1249 4191 1334 4259 M,
1392 4190 1685 4247 redibendo
1721 4192 1754 4246 b
1961 4192 2028 4246 17
2075 4164 2292 4246 moneat
2330 4193 2387 4245 A
2598 4190 2667 4245 18
2700 4190 2795 4243 tua
2828 4201 2917 4241 om.

657 4273 896 4329 BDEF
1153 4278 1453 4363 pictauium
1505 4276 1588 4342 E,
1648 4275 1947 4346 pictauium
1995 4278 2111 4335 AB
2119 4274 2382 4333 GDFLS
2414 4275 2535 4333 Βοὴ.
2549 4316 2564 4343 ,
2626 4273 2916 4347 pectauium

663 4376 782 4435 HR
995 4380 1060 4433 19
1095 4380 1256 4449 inter]
1293 4380 1352 4435 in
1385 4380 1444 4437 R
