3175 5050
504 415 628 462 XVI

504 583 682 650 nobis
727 582 842 648 hoc
886 583 1019 650 loco
1064 583 1338 649 breuiter
1381 581 1719 650 retractare
1762 599 1863 648 eos
1908 579 2095 665 locOS,
2142 583 2217 646 de
2248 583 2470 664 quibus
2512 582 2753 648 intelle-

501 685 732 768 gendis·
764 685 869 750 uel
915 684 1294 767 corrigendis
1337 703 1504 750 nunc
1547 684 1729 750 aliter
1772 686 1957 766 atque
1996 701 2065 748 eo
2108 684 2409 766 tempore,
2458 702 2577 767 quo
2620 685 2755 749 tex-

504 790 643 852 tum
700 789 1188 854 recensebamus-
1221 788 1287 852 et
1340 786 1542 854 indice
1610 786 1943 852 uerborum
2006 787 2283 852 nondum
2344 786 2618 853 confecto
2676 790 2751 854 de

505 890 822 973 scriptoris
867 889 1115 955 dicendi
1143 909 1364 974 genere
1401 907 1580 974 saepe
1625 893 1835 956 ratum
1878 888 2182 955 iudicium
2226 889 2389 955 ferre
2433 907 2561 956 non
2602 891 2752 956 lice-

504 992 630 1074 bat,
677 994 1078 1059 statuendum
1123 1012 1254 1058 esse
1297 994 1562 1059 uidetur.

586 1111 740 1195 Pag.
793 1114 890 1192 19,
940 1113 1020 1178 17
1076 1113 1295 1178 habita
1337 1111 1679 1177 identidem
1712 1133 1853 1178 cum
1884 1113 2157 1179 aduersa
2186 1116 2382 1194 parte
2410 1113 2751 1195 conqressi-

503 1232 618 1278 one
661 1234 807 1279 cum
851 1216 1057 1280 codice
1091 1217 1162 1282 M
1206 1215 1477 1281 aduersa
1507 1215 1747 1297 scripsi,
1792 1216 1957 1298 quod
2002 1217 2169 1281 certe
2214 1216 2611 1297 aptissimum
2656 1220 2756 1282 est

505 1318 571 1382 et
614 1319 804 1383 etiam
848 1320 984 1386 cod.
1030 1319 1604 1402 Angelomontanns
1649 1338 1820 1386 man.
1866 1338 1986 1385 sec.
2033 1321 2304 1401 praebet.
2362 1321 2470 1384 sed
2513 1320 2754 1402 praefe-

503 1422 764 1496 rendam
823 1441 952 1486 esse
1012 1423 1389 1506 reliquorum
1449 1423 1731 1488 codicum
1788 1423 2158 1506 scripturam
2216 1423 2477 1487 diuersa
2536 1442 2569 1488 e
2618 1423 2755 1487 loco

504 1525 686 1606 plane
728 1524 920 1589 simili
965 1529 1223 1608 apparet
1270 1526 1413 1608 180,
1463 1525 1546 1591 14
1596 1529 1667 1589 ut
1705 1525 1781 1590 de
1820 1524 2339 1608 incorporalitate
2384 1525 2518 1590 eius
2559 1529 2757 1590 tecum

493 1645 658 1707 pars
711 1627 903 1691 etiam
946 1628 1210 1693 diuersa
1252 1630 1528 1693 sentiret.
1577 1665 1659 1679 --
1690 1630 1793 1711 22,-
1842 1631 1881 1694 9
1926 1629 2258 1693 diuersum
2285 1629 2590 1710 protinus
2634 1629 2753 1693 ad*-

503 1732 776 1808 struunt,
833 1731 949 1795 etsi
1004 1731 1174 1797 idem
1225 1731 1540 1797 sentiant.-
1596 1732 2065 1798 coniunctiuum
2107 1735 2403 1797 sentiant·
2432 1731 2637 1798 codice
2681 1731 2753 1796 M

503 1833 808 1898 traditum
852 1835 1119 1917 recipere
1163 1855 1282 1901 non
1329 1835 1651 1911 debebam,
1700 1853 1843 1900 cum
1888 1855 1961 1900 ex
2006 1836 2315 1901 constanti
2356 1837 2588 1900 dicendi
2636 1853 2755 1899 usu

505 1934 911 2002 indicatiuum
957 1941 1098 2019 post
1163 1940 1278 2003 etsi
1330 1939 1627 2005 adhibeat
1667 1939 2069 2021 Claudianus,
2117 1939 2195 2004 cf.
2243 1939 2346 2018 22,
2397 1939 2493 2002 16.
2543 1937 2645 2017 32,
2691 1934 2754 2002 3.-

504 2038 566 2103 4.
611 2039 716 2119 43,
747 2042 805 2104 8.
849 2041 952 2120 75,
984 2043 1040 2106 7.
1075 2042 1178 2122 81,
1213 2043 1310 2108 19.
1345 2042 1486 2122 106,
1525 2043 1623 2107 16.
1655 2077 1737 2090 -
1768 2042 1872 2121 24,
1909 2042 1991 2106 14
2016 2042 2127 2106 ubi
2155 2041 2396 2125 leyendi
2416 2059 2755 2122 proqressu

503 2141 816 2228 reliquum
888 2143 1172 2209 lectionis
1234 2145 1488 2222 accessi,
1555 2144 1995 2210 animaduerti
2049 2144 2424 2227 quibusdam
2480 2143 2751 2208 circum·-

506 2244 923 2310 locutionibus
975 2247 1047 2312 id
1101 2247 1435 2328 inpensius
1487 2247 1847 2312 molientem
1912 2247 2098 2328 opelli
2160 2247 2367 2328 ipsius
2412 2251 2746 2323 auctorem,

504 2350 578 2412 ut
631 2350 954 2416 diuinitas
985 2350 1326 2432 passibilis
1381 2351 1765 2416 crederetur:
1836 2352 2065 2416 codicis
2110 2351 2182 2416 M
2226 2351 2411 2416 lectio
2456 2349 2750 2414 animad-

504 2453 669 2518 uerti
726 2454 886 2537 (rell.
952 2454 1420 2537 animaduerto)
1483 2455 1685 2520 eidem
1738 2473 1955 2521 causae
2016 2455 2319 2539 originem
2364 2455 2599 2535 debuit,
2648 2451 2751 2517 cui

504 2558 686 2625 lectio
746 2559 1047 2627 librorum
1091 2560 1150 2623 A
1166 2560 1217 2622 B
1231 2560 1288 2624 D
1303 2558 1415 2623 EF
1461 2562 1523 2625 et
1567 2558 1809 2624 Schotti
1868 2559 2178 2637 credatur,
2224 2558 2465 2624 scilicet
2505 2559 2579 2622 ut
2622 2560 2751 2624 usi-

506 2664 640 2725 tata
681 2663 1034 2743 temporum
1081 2661 1434 2727 consecutio
1477 2661 1936 2727 restitueretur.
1992 2662 2102 2727 sed
2142 2662 2431 2725 neutram
2461 2660 2753 2724 correcti·-

507 2782 687 2829 onem
732 2750 1148 2832 necessariam
1191 2782 1326 2830 esse
1371 2765 1434 2829 et
1474 2764 1542 2829 in
1588 2765 1839 2831 rarioris
1883 2763 2088 2843 huiusi,
2132 2782 2255 2845 qua
2294 2765 2576 2844 tempora
2618 2780 2751 2829 sese

507 2866 835 2950 excipiunt,
860 2867 1116 2935 rationis
1140 2868 1414 2949 exemplo
1437 2886 1562 2933 non
1585 2887 1717 2933 esse
1740 2868 2169 2934 offendendum
2194 2866 2543 2949 complures
2564 2863 2751 2930 Clau-

507 2971 678 3037 diani
717 2973 837 3037 loci
891 2971 959 3037 in
1001 2972 1208 3037 indice
1249 2973 1458 3037 nostro
1503 2972 1611 3035 III
1668 2972 1945 3055 congesti
2013 2971 2461 3035 demonstrant.
2535 2968 2751 3035 dubito

507 3076 720 3150 etiam,
779 3094 930 3139 num
988 3094 1107 3140 uox
1161 3075 1498 3157 inpensius
1553 3075 1760 3141 codice
1801 3074 1872 3139 M
1926 3074 2091 3139 recte
2152 3074 2389 3139 tradita
2446 3073 2552 3147 sit,
2612 3092 2753 3138 cum

507 3179 964 3260 comparatiuus
1019 3180 1231 3245 contra
1291 3178 1618 3245 Claudiani
1675 3178 1917 3244 dicendi
1937 3230 1951 3239 .
1973 3196 2170 3262 genus
2227 3177 2565 3259 usurpatus
2624 3194 2752 3241 esse

504 3283 794 3347 uideatur
843 3285 970 3365 (37,
1001 3285 1084 3349 22
1121 3285 1351 3366 legitur
1395 3283 1663 3366 inpenso
1700 3302 1879 3365 opere
1907 3282 2188 3366 nititur),
2233 3286 2298 3347 et
2329 3280 2489 3363 quod
2521 3280 2753 3345 habent

504 3386 740 3467 reliqui·
780 3387 928 3453 libri
981 3387 1284 3468 inpendio
1337 3387 1735 3452 confirmetur
1790 3387 1922 3451 loco
1980 3385 2179 3451 altero
2226 3385 2329 3462 37,
2382 3384 2423 3448 9
2468 3402 2598 3446 non
2642 3383 2749 3446 in-

497 3489 734 3569 pendio
777 3489 1123 3555 emolienda
1165 3493 1334 3569 sunt,
1378 3489 1490 3555 ubi
1534 3490 1750 3554 eadem
1793 3506 1914 3553 uox
1956 3508 2101 3554 cum
2146 3488 2362 3553 eodem
2393 3485 2583 3551 uerbo
2634 3488 2752 3569 (e)-

506 3592 801 3659 moliendi
856 3594 1188 3659 coniuncta
1240 3594 1493 3677 legitur.
1568 3594 1778 3675 itaque
1836 3590 2280 3655 animaduerto
2344 3594 2406 3654 et
2448 3589 2752 3670 inpendio

505 3698 898 3763 scribendum
944 3714 1080 3761 esse
1120 3696 1292 3779 puto.
1323 3732 1406 3745 --
1443 3695 1547 3775 25,
1594 3696 1635 3761 5
1692 3745 1708 3762 .
1735 3746 1748 3759 .
1778 3745 1793 3761 .
1836 3695 2029 3760 donce
2071 3694 2312 3777 tertiae,
2356 3696 2429 3755 ut
2472 3690 2610 3756 illie
2639 3694 2746 3768 est,

493 3804 750 3880 partem
793 3799 1180 3881 quaestionis
1222 3798 1565 3882 inqredior.
1639 3798 1787 3863 hinc
1834 3798 1945 3883 (M,
1984 3797 2087 3861 hic
2113 3797 2277 3877 rell.)
2326 3796 2462 3859 iam
2491 3813 2623 3859 non
2650 3812 2753 3859 ea:-

498 3903 839 3987 ploranda,
888 3903 993 3969 sed
1035 3901 1424 3984 explodenda
1465 3901 1777 3967 sententia
1816 3918 2217 3983 nequaquam
2234 3899 2421 3979 pensi
2448 3896 2753 3963 sermonis

506 4006 841 4089 adparuit:
884 4008 1083 4089 primo
1127 4007 1350 4071 obtutu
1393 4005 1544 4070 hinc
1597 4004 1941 4071 rectissime
1960 4036 1965 4045 ·
1983 4023 2051 4068 se
2093 4004 2321 4069 habere
2366 4002 2633 4082 uidetur,
2680 4005 2752 4065 ut

507 4110 817 4193 significet
861 4108 1010 4175 inde
1050 4113 1130 4173 ab
1172 4107 1294 4173 hac
1337 4108 1526 4173 tertia
1567 4108 1958 4189 quaestionis
1977 4110 2186 4188 parte.
2260 4105 2368 4169 sed
2396 4123 2519 4168 non
2550 4106 2751 4188 magis

505 4214 848 4297 genuinum
903 4230 1054 4298 esse,
1124 4230 1316 4295 quam
1377 4212 1518 4288 108,
1564 4211 1609 4274 4
1666 4212 1815 4276 hine
1875 4212 1985 4293 (M,
2032 4209 2135 4275 hic
2192 4210 2355 4292 rell.)
2402 4207 2593 4271 etiam
2636 4205 2752 4271 tibi

509 4316 983 4383 Maronianum
1036 4314 1204 4381 illud
1259 4315 1570 4396 obicerem,
1620 4333 1783 4380 nunc
1826 4314 1981 4380 mihi
2025 4313 2321 4397 persuasi,
2368 4329 2513 4375 cum
2556 4310 2751 4375 altera
