3175 5050
687 421 812 488 142
1362 490 1366 494 ¹
1459 421 1823 478 Claudiani
1860 422 2177 478 Mamerti

1751 660 1878 746 XI.

681 852 910 902 PAVLO
954 851 1308 901 APOSTOLO
1337 851 1564 900 'TESTE
1608 853 1745 901 PRO
1796 851 2305 901 INLOCALITATE
2358 853 2627 902 AMMAE
2670 853 2922 903 VT'I'I'VR.

765 991 974 1076 Igitur
1017 1009 1398 1075 quamquam
1441 991 1759 1058 nonnullis
1802 991 2085 1057 locorum
2132 991 2336 1057 sicubi
2367 991 2665 1057 conduxIt
2692 991 2925 1058 harum-

681 1096 849 1176 piam
892 1095 1344 1178 scripturarum
1390 1095 1769 1162 testimoniis
1814 1114 1963 1161 usus
2008 1097 2153 1176 sim,
2198 1095 2292 1160 fas
2336 1096 2553 1160 tamen
2596 1097 2695 1161 est
2724 1095 2923 1162 multi-

681 1200 861 1263 modo
907 1197 1198 1264 ueritatis
1241 1198 1452 1280 gladio
1501 1199 1824 1282 falsiloqui
1882 1198 2265 1266 corniculam
2319 1199 2554 1264 salubri
2598 1199 2971 1265 concisiones
3064 1175 3066 1286 g

682 1300 1061 1386 concipilari.
1135 1303 1373 1369 Paulus
1418 1305 1633 1369 doctor
1677 1304 1981 1388 gentium,
2027 1323 2139 1369 uas
2171 1302 2471 1368 electum:
2518 1320 2691 1367 omn
2710 1321 2743 1368 e
2784 1321 2927 1386 pec-

683 1405 962 1482 catum,
1005 1405 1230 1489 inquit,
1263 1410 1497 1471 extra
1528 1424 1807 1489 corpus
1837 1410 1973 1486 est,
2020 1408 2149 1488 qui
2191 1408 2451 1472 autem
2500 1404 2928 1471 fornicatur

680 1509 761 1572 in
806 1527 1087 1592 corpus
1133 1527 1361 1574 suum
1406 1513 1703 1591 peccat.
1778 1510 1835 1574 si
1894 1513 2148 1594 excepto
2200 1510 2463 1576 crimine
2520 1508 2928 1575 fornicationis

683 1611 857 1677 extra
900 1629 1121 1694 corpus
1166 1615 1266 1678 est
1311 1631 1492 1678 omne
1535 1613 1887 1694 peccatum,
1932 1614 1999 1679 in
2044 1614 2255 1678 anima
2300 1631 2446 1697 ergo
2492 1613 2608 1679 est.
2681 1630 2859 1694 porro
2884 1611 2927 1676 si

680 1714 750 1780 in
795 1715 1007 1782 anima
1052 1718 1150 1783 est
1192 1721 1257 1781 et
1299 1732 1525 1799 corpus
1571 1717 1669 1784 est
1715 1716 1946 1800 anima,
2004 1736 2129 1783 non
2182 1736 2328 1802 ergo
2372 1716 2547 1782 extra
2591 1733 2813 1798 corpus
2852 1715 2972 1779 osto
3066 1747 3068 1782 ι

683 1837 864 1885 omne
926 1821 1278 1902 peccatum.
1365 1822 1476 1886 sed
1543 1822 1865 1903 apostolus
1929 1821 2089 1886 dicit
2160 1824 2405 1904 praetel-
2470 1820 2926 1885 fornicationem

682 1922 858 1988 extra
903 1940 1127 2004 corpus
1174 1941 1306 1988 esse
1353 1942 1534 1989 omne
1578 1927 1924 2008 peccatum.
1987 1925 2351 2006 incorporea
2395 1940 2540 2008 ergo
2587 1927 2686 1988 est
2722 1922 2926 1999 anima,

681 2026 757 2091 ut
799 2027 885 2091 sit
929 2025 1170 2108 aliquid
1213 2026 1282 2090 in
1328 2047 1445 2110 quo
1493 2030 1668 2093 extra
1714 2046 1935 2111 corpus
1967 2029 2169 2109 possit
2212 2045 2345 2092 esse
2375 2029 2727 2108 peccatum.
2775 2026 2928 2090 item-

684 2147 804 2211 que
847 2130 928 2195 ad
971 2128 1328 2195 Corinthios
1372 2131 1440 2195 in
1488 2150 1653 2210 eum,
1700 2130 1809 2214 qui
1853 2131 2083 2196 scelere
2129 2131 2408 2212 pollutus
2454 2128 2681 2194 incesti
2732 2146 2928 2193 nouer-

685 2232 884 2297 calem
927 2233 1134 2297 torum
1177 2253 1332 2316 pene
1377 2236 1600 2300 matris
1644 2236 1965 2320 stuprator
2015 2236 2339 2313 inluserat,
2384 2233 2772 2300 sententiam
2812 2250 2973 2316 pro-1⁵

682 2335 1084 2418 mulgaturus
1105 2336 1197 2402 sic
1229 2337 1355 2402 ait:
1389 2339 1547 2405 etsi
1578 2339 1865 2404 absens
1896 2356 2077 2421 corp
2099 2357 2257 2416 ore,
2288 2355 2657 2421 praesens
2691 2337 2930 2401 autem

683 2439 985 2520 spiritu
1052 2458 1224 2505 eum
1293 2443 1424 2524 qui
1465 2442 1611 2507 hoc
1659 2461 1846 2525 opus
1898 2442 2100 2507 fecit
2143 2443 2297 2507 iam
2340 2439 2731 2506 iudicaui.
2807 2436 2931 2520 quid

681 2544 878 2627 istud,
925 2545 1201 2627 apostole
1246 2544 1460 2627 Paule,
1509 2544 1663 2627 quid
1709 2544 1880 2609 istud
1910 2548 2051 2610 est?
2083 2563 2204 2626 quo
2234 2545 2419 2609 modo
2452 2544 2671 2611 absens
2707 2560 2931 2626 corpore

684 2666 768 2727 es,
814 2648 923 2713 ubi
967 2646 1222 2729 spiritus
1266 2645 1603 2730 praesens?
1646 2648 1702 2711 si
1748 2665 1969 2729 corpus
2014 2649 2108 2711 est
2140 2646 2419 2730 spiritus,
2453 2666 2562 2712 cur
2590 2666 2717 2711 non
2748 2645 2930 2729 potius

685 2769 758 2815 ex
802 2749 1044 2817 duobus
1090 2753 1388 2833 conpacto
1432 2750 1790 2834 corporibus
1845 2768 1969 2814 uno
2026 2749 2351 2816 absentem
2394 2750 2518 2815 alio
2562 2750 2977 2831 praesentemini

682 2853 750 2918 te
793 2869 927 2918 esse
993 2852 1173 2931 dicis,
1230 2855 1343 2919 aut
1401 2854 1457 2920 si
1501 2873 1700 2919 unum
1769 2872 1991 2937 corpus
2038 2872 2101 2917 es
2146 2856 2338 2933 totus,
2408 2871 2518 2918 our
2583 2871 2714 2918 non
2778 2854 2931 2936 parte

688 2955 962 3038 corporis
1007 2956 1224 3023 abesse
1269 2960 1334 3024 te
1381 2959 1444 3023 et
1488 2959 1665 3041 parte
1709 2958 1983 3042 corporis
2015 2959 2230 3023 adesso
2268 2959 2333 3023 te
2362 2956 2649 3040 profers?
2680 2957 2761 3021 ut
2791 2956 2933 3021 enim

891 3160 924 3214 6
960 3160 990 3214 Ι
1025 3160 1144 3217 Cor.
1181 3162 1232 3227 6,
1269 3161 1337 3216 18
1543 3163 1612 3217 16
1648 3163 1678 3217 Ι
1712 3160 1832 3219 cor.
1868 3162 1919 3229 5,
1952 3162 1987 3216 3

785 3350 822 3404 2
865 3350 1064 3420 utitur]
1113 3352 1172 3405 et
1218 3351 1450 3420 qualitor
1492 3352 1554 3407 in
1597 3351 1825 3405 tertium
1870 3350 2075 3406 caelum
2120 3366 2233 3404 esse
2270 3352 2481 3419 (raptus
2515 3348 2647 3404 add.
2682 3348 2809 3417 Es)
2845 3361 2933 3401 cre-

684 3436 843 3492 datur
876 3436 1008 3491 add.
1045 3436 1118 3491 M
1149 3442 1202 3492 et
1235 3438 1350 3493 rell.
1557 3436 1591 3491 3
1628 3435 1924 3491 nonnullus
1959 3436 2073 3490 Mb
2279 3437 2355 3490 sit
2391 3436 2487 3491 ubi
2524 3436 2635 3491 Mb
2834 3448 2933 3488 con-

684 3523 839 3577 duxit
873 3537 974 3576 om.
1011 3522 1125 3577 Mb
1319 3524 1694 3592 quarumpiam
1727 3525 1794 3591 ρ’
1996 3522 2031 3577 4
2066 3523 2177 3576 stas
2212 3521 2269 3576 B
2475 3523 2511 3577 5
2546 3521 2731 3590 glodio
2764 3520 2823 3577 R

683 3608 986 3679 falsiloquii
1017 3608 1294 3664 Barthius
1499 3610 1807 3663 condicione
1846 3607 1901 3664 G
2108 3610 2142 3662 6
2188 3610 2475 3677 compilare
2517 3609 2579 3674 T,
2637 3606 2932 3677 concipilare

688 3695 800 3751 GP
819 3695 941 3751 sch.
955 3733 969 3760 ,
1039 3694 1381 3749 contruncari
1435 3695 1467 3748 b
1671 3694 1945 3749 electionis
1996 3694 2275 3751 Bao-thius
2488 3694 2520 3747 7
2574 3694 2671 3763 qui
2684 3723 2752 3734 —
2766 3704 2933 3760 corpus

682 3819 766 3872 est
786 3832 888 3872 om.
913 3814 1231 3871 ABDEOE
1393 3814 1428 3868 9
1463 3815 1622 3885 erllgo
1657 3814 1714 3870 R
1888 3816 1955 3869 12
1989 3817 2073 3870 est
2097 3829 2225 3883 ergo
2248 3813 2544 3868 ABDEF
2714 3814 2780 3868 14
2813 3776 2932 3866 scere

685 3938 734 3993 s
899 3938 968 3992 15
990 3909 1269 4005 stupssator
1293 3935 1344 3991 ,ε
1507 3936 1776 3991 inluxerat
1800 3936 1856 3992 R
2030 3936 2097 3991 19
2120 3936 2348 4005 spiritus
2372 3936 2448 3989 M
2464 3935 2713 4002 castores,
2760 3934 2931 4003 spiritu

682 4025 802 4079 rell.
997 4024 1267 4093 praesens]
1305 4038 1362 4076 es
1396 4023 1525 4079 add.
1560 4023 1693 4078 libri
1718 4028 1951 4091 praeter
1984 4022 2141 4077 ΡΜ
2308 4051 2311 4052 ⁷
2334 4022 2406 4077 20
2438 4023 2651 4090 inpacto
2684 4022 2759 4089 B,
2816 4034 2933 4075 oom-

686 4110 875 4180 pactus
901 4124 948 4177 p
1142 4108 1365 4164 absente
1403 4110 1457 4166 G
1652 4112 1931 4179 praesente
1971 4110 2025 4165 G
2233 4108 2300 4162 21
2336 4110 2395 4163 te
2429 4124 2531 4163 om.
2568 4108 2699 4163 libri
2732 4110 2935 4177 praeter

688 4194 880 4253 GM&
1067 4210 1182 4250 esse
1216 4197 1274 4249 te
1313 4195 1367 4250 G
1556 4197 1617 4249 at
1650 4193 2143 4252 AGEFGHLRS
2161 4195 2282 4252 sch.
2478 4194 2549 4249 22
2582 4196 2641 4250 te
2674 4200 2809 4250 amte
2838 4206 2935 4261 pro-

683 4283 794 4337 fers
835 4298 938 4338 om.
973 4281 1104 4337 libri
1134 4286 1362 4351 praeter
1397 4282 1472 4337 M
1502 4284 1554 4337 et
1589 4280 1709 4337 Βοὴ.
1921 4281 2161 4350 proferes
2207 4280 2342 4336 A¹B
2349 4280 2634 4339 ¹0HLRS
2639 4281 2674 4347 ¹,
2730 4275 2932 4350 profaris

693 4370 748 4425 G
950 4366 1116 4437 enim}
1151 4382 1278 4436 ergo
1311 4367 1370 4425 R
