3175 5050
1047 422 1138 477 De
1171 423 1366 478 statu
1403 424 1667 478 animae
1714 423 1742 478 Ι
1780 424 1827 477 7.
2484 426 2569 492 45

305 610 806 680 communionem
849 611 1240 695 propriorum
1286 611 1441 677 alios
1487 630 1613 677 non
1656 612 2019 680 admittant.
2082 614 2180 680 est
2215 632 2359 699 ergo
2404 615 2570 681 inter

304 716 601 808 uniuersa
670 732 960 798 corporea
1031 716 1182 781 solis
1255 715 1362 781 lux
1437 716 1568 780 sine
1652 715 2050 783 dubitatione
2132 718 2569 801 praestantior.

303 818 458 885 haec
501 820 580 884 ad
625 818 788 885 illud
831 836 1194 903 supremum
1238 820 1307 885 in
1351 810 1649 884 uniuerso
1678 837 1964 904 corporeo
1994 820 2272 903 pertinet
2302 822 2571 887 elemen-

305 925 465 1001 tum,
539 922 705 1005 quod
775 921 942 1007 ignis
1003 921 1255 988 dicitur.
1342 921 1492 988 hinc
1563 924 1659 987 est
1728 922 1893 1008 quod
1952 924 2146 990 etiam
2202 926 2271 991 in
2324 940 2571 1007 corpore

265 1048 292 1089 ο
306 1026 580 1092 humano
621 1027 1026 1111 principalem
1055 1044 1204 1110 prae
1235 1026 1520 1093 omnibus
1553 1026 1837 1094 sensibus
1866 1026 2075 1093 locum
2106 1028 2279 1094 uisus
2312 1026 2569 1110 accepit.

305 1130 386 1195 ab
445 1132 688 1195 interno
753 1128 1000 1195 scilicet
1043 1129 1248 1196 calore
1322 1130 1522 1195 cordis
1579 1148 1655 1195 ac
1717 1129 1939 1196 iecoris
1994 1131 2262 1215 igniculi
2318 1130 2571 1213 quidam

305 1233 666 1300 indefessim
729 1231 1148 1299 scintillantes
1208 1232 1278 1297 in
1332 1250 1647 1300 cameram
1702 1234 1927 1317 capitis
1982 1235 2162 1319 quasi
2215 1236 2281 1300 in
2326 1233 2570 1299 caelum

306 1338 508 1407 nostri
553 1338 822 1420 corporis
866 1335 1226 1403 subuolant.
1303 1355 1378 1402 ex
1421 1336 1649 1418 quibus
1680 1337 1839 1404 radii
1866 1358 1979 1422 per
2008 1340 2331 1404 oculorum
2360 1336 2572 1401 media

305 1440 547 1526 profusi
596 1460 670 1508 ac
727 1440 958 1506 lumini
1014 1440 1220 1505 extero
1266 1439 1589 1506 commixti
1636 1458 1963 1524 corporum
2030 1458 2189 1524 quae
2234 1440 2572 1506 inciderint

239 1566 292 1608 ιο
307 1563 670 1629 repercussu
725 1544 1129 1611 retrouersim
1190 1544 1478 1610 cedentes
1545 1546 1879 1610 eorundem
1946 1546 2179 1612 colores
2224 1562 2296 1609 ac
2338 1544 2574 1609 formas

306 1648 626 1717 hauriunt.
697 1647 1143 1715 animaduertis
1202 1647 1399 1731 igitur
1459 1666 1777 1714 summum
1830 1650 1897 1714 111
1955 1649 2279 1719 elementis
2338 1648 2570 1731 ignem,

306 1752 790 1838 pulcherrimam
815 1751 884 1817 in
907 1752 1211 1819 coloribus
1240 1752 1464 1829 lucem,
1496 1753 1904 1836 praecipuum
1934 1756 1998 1818 in
2029 1751 2311 1818 sensibus
2341 1750 2571 1815 uisum.

308 1857 478 1922 hunc
528 1856 754 1921 merito
811 1860 1000 1938 atque
1055 1857 1340 1939 potentia
1396 1856 1651 1922 auditus
1708 1855 2057 1939 insequitur
2114 1855 2213 1921 illi
2268 1854 2573 1919 elemento

312 1978 586 2043 compos,
633 1959 795 2043 quod
826 1960 1054 2027 Graeci
1085 1961 1320 2025 uocant
1360 1960 1644 2026 aethera:
1687 1960 1796 2043 qui
1835 1959 1989 2026 licet
2018 1960 2183 2026 aeris
2212 1962 2295 2025 sit
2325 1961 2571 2036 natura,

242 2085 292 2127 16
310 2068 528 2131 tamen
571 2063 720 2146 quia
765 2064 1069 2146 quasdam
1112 2062 1290 2146 quasi
1333 2062 1740 2129 faeculentias
1788 2082 1821 2127 e
1868 2062 2175 2147 supremis
2222 2062 2352 2127 suis
2392 2061 2572 2127 deor-

311 2186 454 2233 sum
511 2185 730 2233 uersus
789 2167 967 2231 uelut
1020 2167 1086 2231 in
1147 2165 1413 2231 fundum
1473 2165 1728 2251 digerit,
1788 2166 2001 2249 purior
2048 2172 2235 2249 atque
2279 2162 2576 2231 subtilior

310 2272 476 2337 hunc
527 2270 943 2355 procellosum
999 2288 1210 2336 aerem
1267 2271 1332 2338 et
1377 2270 1755 2336 naturaliter
1798 2269 2185 2355 nubigenum
2229 2272 2293 2335 et
2334 2269 2467 2334 loco
2513 2268 2577 2333 et

312 2374 624 2459 dignitate
668 2375 1108 2457 supereminet.
1183 2374 1329 2439 hinc
1373 2376 1466 2438 est
1498 2374 1658 2455 quod
1690 2372 2063 2456 purissimus
2094 2392 2198 2439 aer
2228 2372 2573 2437 faciliorem

314 2482 376 2544 et
421 2478 670 2564 longius
714 2478 1034 2562 potentem
1076 2477 1230 2546 facit
1277 2478 1589 2544 auditum.
1666 2495 1811 2544 nam
1857 2478 2027 2544 sicut
2070 2476 2233 2545 oculi
2278 2474 2413 2542 sine
2444 2474 2575 2542 for-

241 2583 433 2648 1011113
493 2599 819 2667 corporum
874 2585 1062 2666 atque
1122 2582 1389 2647 extrario
1458 2582 1698 2648 lumine
1761 2581 2173 2665 contemplari
2232 2581 2573 2663 nequeunt,

311 2685 403 2752 sic
448 2704 627 2751 aures
673 2687 794 2751 nisi
839 2705 978 2752 aere
1021 2689 1134 2752 aut
1176 2703 1469 2769 percusso
1512 2687 1629 2750 aut
1670 2685 1821 2752 flato
1866 2704 1990 2750 non
2035 2683 2339 2751 sentiunt.
2390 2681 2482 2750 ita
2512 2684 2578 2750 et

312 2793 558 2856 narium
615 2809 857 2870 sensus,
921 2807 1068 2854 nam
1125 2791 1290 2854 sicut
1344 2808 1450 2856 aer
1507 2789 1673 2856 sonis
1723 2788 2021 2869 inficitur,
2091 2790 2165 2855 ut
2206 2787 2275 2852 in
2320 2786 2577 2853 auribus

311 2896 602 2980 operetur
645 2895 952 2980 auditum,
997 2892 1092 2960 sic
1135 2893 1357 2959 itidem
1400 2893 1506 2973 hic
1547 2893 1683 2976 ipse
1726 2892 2002 2958 inficitur
2036 2891 2347 2970 01101111113,
2394 2894 2466 2956 ut
2509 2892 2578 2955 in

417 3187 444 3239 1
485 3188 759 3254 proprium
794 3186 850 3239 Α.
1020 3182 1055 3237 2
1090 3198 1306 3252 corpora
1342 3182 1394 3238 G
1553 3185 1588 3238 5
1622 3183 1790 3252 1113113]
1828 3195 1967 3235 1111113
2011 3181 2057 3236 0
2216 3180 2250 3234 9
2286 3178 2579 3248 corporum]

314 3272 373 3326 in
406 3271 539 3328 add.
565 3288 612 3340 p
783 3270 1140 3340 corporumffl!
1177 3268 1224 3325 S
1401 3268 1469 3323 10
1502 3283 1803 3336 repercusso
1839 3264 2171 3331 AB¹DFL,
2230 3264 2579 3333 repercussim

317 3359 392 3416 Μ
395 3359 430 3414 b
640 3359 700 3413 11
751 3357 972 3411 auriunt
1005 3354 1064 3412 R
1267 3351 1636 3409 animaduerto
1677 3355 1730 3410 G
1938 3353 2003 3407 12
2040 3351 2349 3422 corporibus
2390 3350 2443 3407 G

314 3448 373 3501 111
408 3452 542 3502 ante
577 3444 821 3500 sensibus
859 3459 961 3498 om.
1005 3442 1052 3498 Ο
1231 3442 1297 3496 13
1331 3441 1629 3510 potentiam
1666 3439 1800 3495 B¹R
1969 3438 2065 3509 ille
2102 3437 2165 3493 8²
2340 3438 2406 3492 14
2441 3451 2581 3492 com-

316 3547 409 3602 pos
456 3531 590 3587 libri
632 3546 757 3586 cum
802 3529 923 3595 PT,
977 3525 1124 3598 quod
1168 3542 1284 3581 non
1327 3525 1673 3591 mutandum,
1720 3523 1816 3579 sed
1859 3525 2140 3595 einyutari
2182 3523 2583 3594 siqnificatione

315 3619 522 3674 dictum
558 3631 670 3671 esse
703 3630 889 3671 censeo
924 3629 1046 3669 cum
1079 3613 1318 3668 Barthio
1356 3613 1448 3681 (cf.
1485 3611 1773 3678 indicem),
1836 3625 2052 3678 compar
2079 3625 2124 3679 p
2330 3608 2477 3678 licet]
2518 3623 2582 3662 ex

314 3703 448 3761 add.
483 3701 604 3760 Sch.
812 3701 879 3756 15
915 3698 1204 3756 feculentia
1238 3715 1294 3755 se
1327 3698 1383 3753 R
1589 3714 1619 3752 e
1656 3713 1756 3752 om.
1798 3696 1845 3751 S
2046 3696 2109 3751 16
2152 3695 2298 3764 prior
2332 3693 2408 3750 M
2414 3694 2446 3748 b

319 3792 386 3846 17
443 3788 768 3856 nubigosum
828 3787 964 3852 Mb,
1069 3786 1220 3841 made
1277 3786 1515 3841 conicias
1580 3784 1854 3840 exstitisse
1912 3782 2042 3838 olim
2098 3781 2406 3836 nubilosum
2463 3777 2583 3834 coll.

317 3877 488 3946 Aput.
533 3880 657 3931 met.
702 3878 786 3940 11,
832 3877 869 3928 7
1074 3874 1140 3928 18
1194 3873 1552 3944 supereminet
1604 3886 1705 3926 om.
1759 3869 1993 3925 ABDF
2192 3867 2261 3921 19
2310 3866 2584 3935 patentem

319 3980 443 4038 sch.
685 3976 755 4032 20
806 3991 1088 4045 corporum
1140 3976 1326 4033 formis
1381 3975 1430 4031 S
1671 3973 1735 4029 21
1793 3974 1921 4027 flato
1982 3971 2046 4037 G,
2104 3958 2240 4024 fiatri
2270 3967 2397 4034 135¹,
2453 3969 2585 4024 flatu

317 4075 438 4132 rell.
485 4079 538 4130 et
581 4073 631 4142 b,
690 4072 856 4128 flante
909 4071 1031 4128 Sch-
1047 4114 1061 4140 ,
1119 4072 1305 4128 inflato
1360 4070 1659 4134 Barthius,
1704 4067 1941 4137 fortasse
1994 4066 2132 4120 aeris
2186 4066 2284 4118 aut
2333 4078 2585 4132 percussu

318 4161 415 4216 aut
463 4157 600 4213 flatu
649 4156 996 4214 scribendum
1049 4163 1129 4212 est
1368 4157 1436 4210 23
1488 4155 1745 4210 scididem
1798 4153 1854 4210 R
2096 4149 2298 4205 ididem
2348 4146 2583 4214 AFPT‚

318 4253 520 4308 ididem
566 4253 621 4306 Β
825 4251 916 4305 hic
961 4267 1063 4306 om.
1105 4252 1178 4307 M
1221 4255 1274 4307 et
1309 4250 1566 4317 editor-ea,
1614 4250 1869 4318 quamuis
1903 4246 2157 4303 uocatam
2193 4245 2355 4300 etiam
2387 4243 2451 4297 in
2482 4241 2590 4296 ΡΤ

319 4323 537 4415 cit-stare
573 4357 820 4413 Schottus
852 4361 1085 4412 testetur
