3175 5050
988 435 1078 490 De
1113 437 1306 491 statu
1339 436 1605 490 animae
1651 436 1711 492 ΙΙ
1747 437 1797 493 8.
2404 440 2529 507 129

1292 623 1486 706 VIII.

262 815 568 868 ROMANIS
612 814 908 864 PAGANIS
954 814 1406 864 PHILOSOPHIS
1465 817 1722 864 VTITVR
1764 815 2083 866 TESTIBVS
2127 819 2219 866 DE
2263 819 2528 868 ANIMAE

1058 918 1727 968 INCORPORALITATE.

343 1058 774 1124 Plurimorum
829 1059 894 1122 in
949 1055 1271 1141 negotium
1324 1075 1619 1139 praesens
1674 1056 2189 1140 philosophorum
2233 1059 2527 1141 plurimis

199 1194 227 1234 5
261 1161 641 1228 testimoniis
705 1160 804 1226 usi
871 1179 1085 1225 sumus
1150 1161 1506 1243 multosque
1576 1181 1649 1225 ex
1706 1162 1927 1226 eadem
1988 1161 2267 1243 Graecia,
2314 1163 2371 1228 si
2424 1163 2529 1228 uel

262 1283 445 1330 causa
508 1267 786 1348 posceret
848 1264 953 1330 uel
1007 1265 1167 1329 ratio
1223 1263 1476 1346 sineret,
1534 1265 1812 1346 proferre
1870 1282 2207 1348 possemus,
2283 1267 2394 1331 sed
2449 1286 2527 1331 ne

262 1368 548 1434 localiter
591 1369 930 1434 ueritatem
973 1367 1283 1449 quaesisse
1329 1368 1676 1447 uideamur,
1721 1371 1794 1432 ut
1840 1367 1991 1434 haec
2036 1369 2248 1434 eadem
2294 1369 2371 1434 ab
2400 1389 2527 1435 una

261 1474 514 1538 tantum
570 1472 770 1537 uideri
825 1472 1010 1554 gente
1066 1471 1340 1554 quiuerit
1386 1474 1450 1536 et
1495 1471 1638 1536 aliis
1696 1472 1987 1554 ignorata
2052 1471 2155 1551 sit,
2202 1492 2346 1538 cum
2389 1474 2525 1539 ueri

269 1593 520 1658 compos
563 1576 840 1641 humana
883 1573 1248 1640 substantia
1282 1594 1402 1640 non
1435 1575 1523 1640 sit
1553 1573 1828 1660 regione,
1864 1575 1971 1640 sed
2003 1592 2247 1656 genere,
2293 1577 2527 1642 Roma-

189 1713 244 1752 10
266 1697 378 1745 nos
434 1679 628 1744 etiam
688 1679 1057 1760 eosdemque
1117 1676 1515 1762 philosophos
1573 1680 1769 1743 testes
1831 1678 2109 1762 citemus,
2163 1680 2327 1761 apud
2373 1699 2523 1763 quos

265 1783 513 1848 Sextius
545 1783 725 1865 pater
755 1780 1122 1863 Sextiusque
1150 1781 1318 1845 filius
1354 1799 1657 1863 propenso
1688 1781 1757 1844 in
1787 1781 2149 1845 exercitium
2180 1783 2523 1864 sapientiae

258 1887 467 1952 studio
523 1887 799 1968 adprime
851 1883 1270 1967 philosophati
1317 1885 1464 1948 sunt
1507 1888 1694 1965 atque
1739 1884 1901 1949 hanc
1946 1903 2128 1969 super
2172 1886 2338 1951 omni
2384 1887 2524 1952 ani-

258 2009 368 2055 ma
412 1990 614 2055 tulere
659 1988 1070 2054 sententiam:
1117 1988 1690 2069 incorporalis,
1746 1971 2059 2069 inquiunt,
2106 1989 2355 2055 omnis
2401 1991 2525 2055 est

257 2095 513 2159 anima
557 2095 632 2156 et
674 2090 1054 2156 inlocalis
1085 2092 1314 2173 atque
1358 2091 1947 2173 indeprehensa
1976 2092 2095 2157 uis
2127 2096 2523 2178 quaedam,

189 2216 455 2281 15quae
513 2196 688 2262 sine
747 2195 1012 2280 spatio
1070 2212 1312 2277 capax
1371 2212 1657 2277 corpus
1700 2194 1976 2261 haurit
2023 2195 2098 2260 et
2142 2197 2522 2265 continet.

257 2301 464 2366 acrius
522 2299 653 2384 isti,
711 2299 778 2363 ni
833 2299 1038 2378 fallor,
1099 2298 1416 2364 abstrusas
1468 2317 1680 2362 rerum
1724 2299 1995 2364 rationes
2039 2299 2306 2384 ingressi
2354 2305 2520 2384 sunt,

259 2423 448 2488 quam
504 2402 792 2468 nonnulli
848 2404 1175 2481 nostrates,
1233 2403 1339 2483 qui
1397 2401 1795 2467 cubiculariis
1863 2401 2395 2484 disputationibus
2448 2405 2521 2468 de

257 2506 628 2573 sublimium
693 2507 918 2592 indage
987 2525 1318 2571 causarum
1373 2505 1611 2588 aliquid
1678 2505 2089 2589 soporiferum
2146 2507 2213 2570 in
2270 2507 2519 2573 lectulis

257 2611 592 2677 oscitantes
647 2610 1032 2694 perpellente
1089 2608 1264 2693 copia
1315 2610 1666 2692 tepentium
1708 2610 2075 2676 naeniarum
2118 2609 2342 2675 stolido
2386 2611 2520 2675 lau-

188 2746 240 2786 20
258 2715 474 2781 datore
539 2716 896 2779 ueternosas
951 2713 1214 2778 anilium
1281 2713 1645 2795 opinionum
1713 2713 2095 2796 suspiciones
2163 2713 2521 2779 edormiunt

254 2820 666 2900 innexamque
723 2816 1067 2881 uisceribus
1137 2814 1411 2882 animam
1470 2815 1748 2899 corporis
1803 2804 2095 2882 claustris
2160 2815 2403 2883 includi
2459 2819 2520 2883 et

256 2922 560 2987 contineri
605 2922 960 2986 decernunt.
1039 2919 1146 2985 sed
1208 2918 1374 2985 istuc
1420 2919 1753 3003 inperitiae
1797 2923 1931 2986 ueri
1975 2939 2206 2985 uacuae
2249 2922 2517 3006 figmen-

258 3025 417 3105 tum,
462 3028 650 3110 prout
693 3027 968 3090 locorum
1011 3025 1173 3089 ratio
1216 3023 1515 3107 poposcit,
1564 3027 1628 3089 et
1672 3024 1985 3107 superiore
2028 3025 2189 3090 libro
2223 3024 2516 3091 discussi-

255 3148 398 3195 mus
444 3133 507 3194 et
551 3129 816 3211 prolatis
845 3148 1014 3194 nunc
1059 3147 1447 3193 summorum
1492 3129 1739 3211 magnis
1784 3129 2109 3195 auctorum
2140 3127 2517 3194 testimoniis

355 3422 392 3474 4
434 3420 716 3488 negotium
759 3420 834 3474 M
841 3420 874 3473 b
913 3418 1060 3484 Sela,
1120 3418 1340 3488 negotio
1377 3417 1494 3471 rell.
1703 3417 1970 3485 praesenti
2010 3416 2129 3473 &8²
2333 3417 2368 3471 5
2403 3418 2516 3471 siue

256 3541 313 3596 R
503 3541 536 3594 6
571 3542 835 3609 possimus
871 3542 928 3593 A
1115 3554 1212 3592 nec
1246 3538 1301 3593 R
1495 3538 1530 3591 8
1565 3502 1701 3591 alias
1738 3536 1786 3590 S
1967 3536 2513 3605 cum—substantia]

259 3626 390 3696 quia
437 3642 566 3679 uera
610 3626 892 3695 indagacio
938 3625 1172 3679 humane
1217 3624 1521 3693 substantie
1567 3624 1729 3689 Mb,
1783 3637 1925 3680 corr.
1973 3623 2067 3676 M²
2106 3623 2171 3676 in
2204 3639 2379 3693 marq.

255 3714 288 3767 9
325 3712 459 3765 insit
497 3711 768 3767 Baa'tha'us
976 3712 1037 3766 11
1078 3714 1255 3765 sextus
1290 3710 1366 3764 M
1369 3711 1424 3776 b,
1487 3709 1633 3763 exius
1668 3709 1725 3764 R
1930 3709 2160 3777 sexiusq·
2198 3709 2278 3774 R,
2340 3710 2517 3762 sextus

255 3834 450 3888 omisso
487 3848 590 3901 que
624 3833 738 3887 Mb
763 3832 885 3888 Βοὴ.
1081 3833 1312 3886 exercitu
1338 3847 1384 3900 p
1399 3871 1412 3896 ,
1471 3830 1718 3885 exercitio
1752 3829 2029 3885 Barthius
2224 3830 2291 3881 12
2328 3794 2515 3898 adpme

255 3919 304 3974 S
501 3919 600 3973 has
637 3922 707 3988 1²²
914 3918 1062 3972 omni
1107 3919 1306 3987 anima]
1346 3917 1528 3970 omnia
1567 3917 1621 3972 G-
1828 3916 1895 3970 13
1941 3915 2146 3969 atulere
2185 3914 2311 3979 AF,
2370 3916 2515 3968 attu-

252 4007 362 4061 lere
409 4006 608 4063 DE¹R
631 4006 752 4061 Sela.
766 4044 781 4072 ,
840 4006 958 4059 atre
1004 4006 1059 4060 B
1262 4004 1558 4058 sententias
1594 4002 1824 4058 ABHR
1827 4005 1897 4070 10²
2100 4000 2279 4069 inquit
2323 4000 2379 4055 A

254 4092 323 4147 14
358 4093 708 4162 indepreensa
741 4092 796 4147 R
1004 4091 1069 4145 16
1103 4090 1354 4145 abstrusa
1388 4090 1597 4155 ABF¹‚
1656 4089 1904 4143 abtrusas
1940 4087 1997 4142 R
2200 4086 2409 4140 ratione
2442 4088 2513 4153 A,

255 4180 500 4234 nationes
535 4180 609 4233 M
815 4179 883 4233 18
916 4177 1092 4247 sopori
1129 4194 1304 4231 serum
1338 4176 1395 4231 R
1603 4175 1670 4229 19
1706 4174 2000 4228 oscitantes
2038 4172 2288 4240 editor-ee,
2349 4174 2513 4229 susci-

251 4301 432 4353 tantes
467 4299 600 4354 libri
633 4315 757 4354 cum
790 4298 901 4354 PT
1080 4298 1286 4366 copiam
1322 4296 1427 4352 RS
1603 4311 1857 4351 uenarum
1890 4295 1950 4349 D
2128 4257 2287 4349 stolio
2323 4292 2379 4348 R

252 4384 323 4439 20
357 4387 655 4453 opiniorum
691 4385 747 4441 R

354 4486 453 4542 XI.
2274 4483 2310 4538 9
