3175 5050
1027 457 1116 510 De
1151 457 1342 513 statu
1377 455 1643 508 animae
1688 453 1781 508 III
1818 454 1866 507 7.
2458 453 2583 520 165

1367 673 1526 756 VII.

309 870 646 929 QVANTVM
717 866 962 916 DISTET
1033 865 1346 914 MATERIA
1417 863 1747 912 INFORMIS
1810 864 1859 910 A
1922 862 2165 912 NIHILO
2239 866 2375 914 VEL
2446 868 2577 914 IAM

700 969 1027 1019 FORMATA
1073 967 1406 1028 QVANTVM
1455 966 1703 1014 DISTET
1744 966 1836 1014 AB
1879 967 2191 1018 INFORMI.

400 1109 537 1194 Age
582 1126 748 1173 nunc
791 1125 901 1190 pro
947 1104 1231 1172 acumine
1275 1103 1641 1170 excellentis
1686 1103 1925 1187 ingenii
1969 1121 2199 1188 proque
2243 1123 2575 1172 causarum

264 1239 292 1279 ι
311 1230 642 1295 rerumque
707 1209 934 1276 notitia
997 1211 1228 1292 indaga
1295 1208 1617 1292 distingue
1701 1208 2055 1291 pronuntia,
2135 1227 2255 1291 quo
2322 1209 2573 1276 differat

309 1315 577 1382 materia
605 1314 890 1380 informis
915 1332 952 1378 a
975 1312 1192 1392 nihile,
1217 1311 1366 1395 quid
1395 1311 1486 1377 sit
1513 1309 1862 1377 inanimum
1888 1311 2177 1396 idemque
2206 1311 2569 1391 formatum,

310 1417 460 1502 quid
505 1422 568 1483 et
611 1419 952 1484 formatum
993 1415 1229 1500 pariter
1275 1415 1338 1480 et
1381 1417 1753 1494 animatum,
1800 1413 1949 1497 quid
1992 1415 2079 1479 sit
2107 1414 2279 1480 locus
2312 1417 2373 1480 et
2406 1419 2572 1480 tem-

305 1511 442 1604 11118,
509 1520 779 1604 qualiter
843 1520 1064 1586 localis
1129 1522 1338 1606 motus
1407 1520 1713 1585 subdatur
1768 1517 1959 1584 etiam
2017 1519 2366 1602 temporali,
2426 1534 2583 1586 cum¹

258 1625 263 1631 '
305 1625 666 1708 temporalis
721 1627 972 1690 tantum
1029 1641 1154 1690 non
1209 1622 1532 1689 subiaceat
1589 1620 1779 1686 etiam
1836 1620 2041 1697 locali,
2101 1621 2249 1704 quid
2301 1623 2390 1689 sit
2432 1626 2571 1690 sta-

233 1757 289 1796 10
306 1729 452 1793 bilis
510 1731 718 1792 motus
775 1728 1002 1810 quidue
1060 1727 1148 1791 sit
1205 1727 1564 1804 aeternitas,
1624 1724 1776 1808 quid
1846 1724 1931 1788 sit
1974 1742 2283 1806 nusquam
2328 1745 2459 1792 0880
2504 1731 2569 1792 et

303 1849 608 1914 nusquam
655 1849 779 1895 non
827 1848 981 1907 esse,
1029 1830 1179 1912 quid
1223 1848 1564 1911 numquam
1610 1846 1738 1894 esse
1775 1830 1839 1892 et
1869 1846 2213 1910 numquam
2246 1847 2369 1895 non
2401 1849 2565 1898 esse:

305 1936 372 1999 et
414 1936 490 2000 de
534 1934 821 1999 omnibus
866 1934 964 1998 his
1006 1932 1268 1998 rationis
1325 1931 1611 1996 abditum
1669 1932 1949 2014 quaerito
2017 1931 2367 2017 quibusque
2414 1935 2565 2000 sub-

303 2039 539 2108 stantia
602 2039 804 2103 omnis
871 2029 1214 2103 includitur
1279 2036 1518 2119 aliquid
1587 2035 1797 2119 delige
1864 2037 2029 2119 quod
2109 2038 2362 2119 angelos
2430 2055 2563 2104 0880

287 2131 609 2209 decernas,
657 2138 957 2206 ‘nihilum
1004 2141 1167 2205 certe
1211 2158 1336 2205 non
1379 2143 1547 2220 sunt,
1581 2140 1731 2222 quia
1774 2156 1899 2204 non
1943 2139 2105 2204 nihil
2136 2142 2230 2206 est
2260 2142 2563 2224 quidquid

227 2271 285 2312 ιο
303 2250 402 2311 est
468 2247 724 2328 aliquid.
803 2245 1090 2310 informis
1148 2243 1416 2310 materia
1475 2263 1600 2309 non
1666 2243 1835 2324 sunt,
1894 2243 2039 2325 quia
2097 2243 2267 2309 inter
2324 2245 2564 2330 aliquid

303 2354 366 2414 et
422 2349 578 2415 nihil
619 2352 716 2414 est
769 2347 1054 2414 informis
1113 2347 1394 2412 materia.
1473 2343 1612 2412 ecce
1658 2366 1695 2411 a
1739 2346 1938 2411 nihilo
1996 2348 2099 2411 uix
2144 2348 2561 2415 discessimus,

388 2470 650 2553 Iamque
713 2472 786 2535 de
843 2468 1119 2536 inanimo
1179 2470 1446 2548 formato
1499 2469 1667 2533 ’unde
1714 2467 1836 2533 tibi
1882 2468 2136 2553 angelos
2179 2469 2386 2552 placet
2428 2485 2562 2534 esse

301 2577 664 2639 tractemus.
739 2572 1166 2637 animaduerto
1233 2591 1398 2637 nunc
1463 2570 1628 2656 quod
1694 2571 1859 2638 sicut
1921 2570 2207 2637 informis
2272 2571 2557 2647 materia,

299 2694 456 2759 quae
512 2675 860 2741 formabilis
920 2680 1034 2758 est,
1097 2677 1376 2757 praestat
1430 2674 1649 2758 nihilo,
1698 2675 1790 2739 ita
1834 2673 1999 2757 quod
2042 2674 2171 2740 iam
2214 2674 2559 2740 formatum

215 2802 280 2845 ao
298 2782 396 2844 est
448 2780 672 2844 melius
737 2777 847 2844 1110
904 2781 1018 2857 est,
1076 2777 1240 2860 quod
1303 2778 1419 2843 etsi
1472 2776 1730 2844 formari
1773 2779 1999 2860 potest,
2046 2778 2388 2843 formatum
2431 2796 2558 2843 non

239 2866 254 2894 ‘
299 2883 411 2947 est.
484 2881 763 2963 itemque
823 2880 1011 2946 sicuti
1053 2880 1123 2945 id
1169 2878 1329 2963 quod
1385 2880 1730 2945 formatum
1788 2883 1882 2945 est
1939 2880 2137 2945 anteit
2188 2879 2348 2946 illud
2394 2882 2557 2964 quod

295 2984 640 3049 formatum
681 3000 806 3050 non
852 2986 966 3067 est,
1014 2982 1106 3048 ita
1149 2982 1501 3048 inanimum
1547 2982 1979 3065 quodcumque
2016 2982 2355 3049 formatum
2390 2984 2557 3049 cedit

295 3087 393 3151 illi
447 3086 615 3168 quod
657 3089 724 3152 et
765 3086 1106 3153 formatum
1165 3087 1263 3151 est
1317 3086 1552 3169 pariter
1607 3088 1674 3151 et
1728 3085 2099 3167 animatum,
2159 3086 2309 3169 quia
2366 3086 2556 3153 sicuti

313 3360 322 3371 ’
400 3378 434 3431 3
495 3374 740 3443 informi]
801 3374 867 3427 de
923 3374 1150 3429 materia
1205 3372 1425 3429 informi
1484 3375 1540 3427 et
1598 3373 1768 3429 nichil
1825 3373 2093 3428 claudiani
2152 3373 2283 3429 add.
2343 3374 2421 3429 M

284 3496 326 3553 4
377 3510 595 3549 acumen
643 3494 919 3559 Romae,
980 3466 1204 3561 αοοιιωῗ
1254 3493 1301 3549 s
1501 3493 1771 3548 scellentis
1823 3493 2052 3550 BOHR
2256 3496 2553 3551 causalium

284 3583 429 3637 coni.
482 3580 758 3636 Bar-thius
961 3581 995 3635 5
1047 3596 1226 3634 rerum
1273 3578 1546 3635 Bao-cnm
1752 3579 1965 3635 differat
2013 3578 2275 3636 Galland.
2290 3620 2305 3648 ‚
2365 3581 2552 3639 differt

283 3668 420 3723 libri
453 3673 506 3722 et
540 3668 573 3722 b
599 3666 721 3721 8011.
928 3667 963 3720 6
997 3666 1091 3736 qui
1127 3666 1325 3722 BH¹R
1518 3665 1885 3721 inanimatum
1918 3667 1975 3733 b,
2034 3665 2094 3720 in
2130 3666 2311 3721 anima
2345 3668 2414 3721 M

288 3752 532 3823 idestque
567 3755 624 3808 A
810 3755 846 3809 8
881 3752 1080 3809 subdat
1114 3752 1172 3809 R
1359 3753 1394 3807 9
1427 3754 1612 3807 tamen
1645 3754 1709 3821 ρ’
1882 3753 1945 3806 11
1984 3752 2059 3807 sit
2093 3758 2223 3808 ante
2255 3769 2547 3823 numquam

283 3838 419 3894 add.
454 3838 588 3894 libri
613 3844 838 3907 praeter
884 3840 1000 3895 Mb
1036 3844 1090 3895 et
1124 3838 1245 3895 Sch-
1452 3838 1584 3907 quid
1630 3839 1709 3893 sit
1752 3854 2241 3908 numquam—nou
2284 3855 2397 3893 esse
2446 3855 2549 3895 om.

279 3960 342 4019 R
551 3960 618 4013 12
661 3959 774 4029 his]
809 3932 886 4031 p}
919 3959 1049 4014 aaa.
1089 3960 1142 4015 a
1347 3960 1435 4013 his
1480 3975 1583 4015 om.
1628 3959 1686 4015 R
1888 3958 2134 4015 abditum
2170 3959 2243 4013 M
2273 3960 2339 4015 in
2373 3965 2547 4025 tem,

280 4038 496 4101 aditum
540 4044 618 4099 M
655 4046 721 4099 in
765 4061 938 4116 mary.
975 4052 1029 4100 et
1067 4046 1100 4100 b
1306 4046 1374 4101 13
1427 4045 1610 4115 delege
1660 4044 1786 4102 138²
1992 4043 2125 4114 quid
2176 4044 2412 4101 editores

286 4133 353 4189 15
388 4132 647 4188 materiae
683 4130 750 4185 δ’
931 4146 1038 4185 non
1073 4132 1521 4187 sunt—materia
1555 4148 1657 4187 om.
1691 4133 1750 4188 R
1940 4131 2008 4185 16
2042 4130 2268 4185 materia
2301 4130 2547 4187 informis

279 4216 330 4271 ὁ*
532 4216 597 4271 17
633 4215 858 4285 angelus
894 4214 1348 4272 ABGDEOE’RD
1556 4217 1625 4271 18
1660 4216 1817 4287 sicut]
1856 4214 1904 4269 si
1937 4214 1995 4270 R
2131 4262 2140 4273 .
2201 4215 2267 4269 19
2301 4230 2409 4285 qua
2441 4216 2549 4273 Bo

279 4302 527 4372 HLRS,
585 4302 712 4372 quia
745 4301 978 4358 ADEG
1157 4306 1266 4370 qua
1300 4302 1410 4359 iam
1446 4302 1494 4359 0
1674 4302 1744 4357 21
1778 4302 2092 4372 1101011110-
2106 4300 2399 4357 formatum
2434 4318 2545 4358 non

278 4391 364 4443 est
399 4403 500 4447 om.
544 4389 591 4445 0
796 4390 923 4443 ante
955 4387 1016 4442 id
1049 4386 1335 4445 ABHLR
1539 4389 1611 4445 23
1642 4389 1772 4459 quid
1807 4388 1864 4445 R
