3175 5050
649 462 739 529 66
1426 457 1795 515 Claudiani
1829 434 2149 511 Mam'erti

653 671 764 735 per
807 668 1030 734 corpus
1075 648 1320 715 efficere
1363 648 1644 727 molitur,
1688 649 1855 714 certe
1898 648 1953 713 si
1997 647 2298 713 aliorsum
2358 649 2636 711 mentem
2670 644 2929 710 oculum

655 752 901 820 scilicet
943 772 1130 818 suum
1175 752 1455 832 uerterit,
1514 757 1587 817 ut
1641 754 1797 834 puta
1838 752 2055 817 uolens
2100 750 2411 833 quadrum
2457 749 2662 813 facere
2703 748 2929 811 rotun-

655 858 808 923 dum
866 855 1103 939 cogitet
1161 857 1275 921 aut
1314 856 1534 921 uolens
1578 854 1853 921 scribere
1896 854 2083 919 Pauli
2127 872 2356 917 nomen
2404 851 2643 936 cogitet
2692 869 2927 915 nomen

656 960 972 1027 Simonis:
1019 976 1223 1025 nonne
1265 958 1545 1043 protinus
1589 959 1669 1023 ad
1712 958 1778 1023 id
1825 956 2298 1039 exprimendum
2342 956 2476 1019 siue
2519 952 2925 1035 figurandum

653 1062 867 1147 agitur
908 1063 1119 1128 motus
1163 1061 1452 1145 membri,
1497 1062 1580 1127 ad
1625 1061 1789 1144 quod
1834 1059 2239 1143 cogitandum
2268 1058 2525 1123 transiit
2554 1060 2747 1123 nutus
2776 1057 2921 1121 ani-
2974 1082 2999 1118 s

655 1166 794 1231 mi?
847 1163 1046 1230 stabit
1089 1181 1240 1248 ergo
1285 1165 1496 1230 anima
1523 1166 1591 1228 in
1622 1162 2153 1245 contemplatione
2186 1162 2535 1227 formarum
2565 1161 2639 1225 ut
2667 1164 2925 1225 moueat

653 1286 873 1351 corpus
915 1269 980 1332 in
1023 1266 1394 1350 figuratione
1445 1265 1892 1345 formabilium,
1938 1283 2097 1348 quae
2158 1265 2499 1330 formarum
2529 1263 2764 1328 ueritas
2794 1262 2925 1327 nisi

652 1369 944 1436 rationali
1011 1368 1446 1453 conspicabilis
1515 1388 1642 1435 non
1706 1369 1822 1435 est.
1904 1369 2038 1433 stat
2105 1369 2274 1434 enim
2333 1368 2535 1432 omnis
2594 1364 2809 1431 anima
2850 1365 2923 1429 in

655 1472 936 1557 adpetitu
1003 1472 1332 1539 rationalis
1400 1476 1464 1537 et
1520 1473 1585 1538 in
1640 1472 1925 1539 consilio.
1998 1491 2123 1538 non
2178 1474 2393 1537 autem
2464 1469 2762 1536 credibile
2823 1470 2926 1534 est

655 1575 834 1658 quod,
909 1593 1055 1640 cum
1126 1577 1284 1641 nutu
1359 1575 1609 1641 animae
1683 1574 2003 1658 scriptoris
2070 1593 2293 1639 manus
2364 1576 2443 1639 ad
2516 1572 2924 1639 scribendum
2946 1602 3000 1640 ιο

656 1680 964 1755 mouetur,
1009 1678 1220 1743 anima
1265 1696 1506 1761 quoque
1550 1695 1773 1743 manus
1819 1678 2160 1760 agitatione
2197 1679 2547 1754 moueatur,
2595 1696 2753 1760 quae
2801 1679 2925 1742 nisi
2954 1661 3016 1726 0

654 1782 983 1847 literarum
1027 1781 1260 1847 formas
1304 1781 1692 1847 inmobiliter
1736 1784 1925 1863 atque
1971 1781 2323 1847 inlocaliter
2369 1780 2735 1864 adspiceret,
2782 1798 2923 1845 eas-

654 1885 797 1950 dem
839 1886 1018 1950 motu
1063 1885 1402 1967 digitorum
1443 1885 1729 1951 localiter
1771 1884 2043 1950 formare
2087 1904 2211 1950 non
2254 1888 2483 1968 posset.

742 2004 862 2071 Sed
934 2005 1196 2070 forsitan
1267 2006 1456 2070 dicis:
1529 2004 1645 2069 illa
1711 2023 1854 2089 pars
1922 2004 2181 2090 animae,
2249 2023 2407 2088 quae
2462 2006 2531 2069 in
2588 2004 2927 2070 scribentis

656 2106 874 2190 digitis
945 2113 1045 2172 est
1130 2109 1449 2185 mouetur,
1539 2108 1606 2171 et
1671 2108 1913 2191 reliqua
1995 2126 2119 2172 non
2205 2109 2514 2174 mouetur.
2615 2108 2735 2174 hoc
2819 2106 2925 2171 ini
2944 2128 2993 2169 ιε

653 2227 838 2292 porro
927 2210 1314 2275 contendunt
1399 2209 1510 2294 qui
1598 2210 1877 2275 animam
1961 2210 2263 2292 partilem
2346 2213 2609 2294 putant,
2701 2228 2921 2292 quam·
3121 2284 3122 2302 χ

655 2332 848 2396 quam
913 2313 1371 2379 indissociabili
1437 2314 1899 2397 consequentia,
1960 2316 2017 2378 si
2085 2332 2377 2397 corporea
2431 2314 2613 2398 foret,
2671 2313 2921 2397 partilis
3121 2308 3122 2313 ’

653 2416 838 2497 foret,
899 2416 1046 2500 quia
1104 2420 1170 2482 et
1224 2416 1454 2499 partile
1511 2418 1679 2499 quod
1745 2436 2105 2499 corporeum
2172 2420 2237 2482 et
2309 2434 2673 2500 corporeum
2739 2434 2922 2481 omne
3120 2320 3123 2490 Ι

653 2523 816 2604 quod
889 2520 1140 2605 partile.
1211 2521 1601 2604 inquiramus
1670 2519 1865 2602 igitur
1928 2520 2191 2586 disicine
2252 2519 2317 2585 in
2384 2521 2593 2605 partes
2674 2520 2922 2587 animus

653 2626 864 2708 queat,
933 2624 1007 2688 ut
1067 2627 1308 2690 moueri
1370 2628 1548 2709 parte
1616 2624 1715 2688 sui
1774 2643 1885 2707 pro
1950 2623 2223 2708 corporis
2266 2626 2441 2707 parte
2486 2625 2687 2706 possit
2729 2642 2991 2693 neonem

763 2929 791 2982 1
829 2927 1128 2983 moliuntur
1163 2927 1450 2994 ABC'HS,
1509 2902 1811 3014 moliuntur
1847 2929 1903 2984 R
2097 2929 2350 2984 aliorsum
2385 2932 2647 3002 mentem]
2690 2933 2923 2986 aliorum

658 3034 958 3085 sumentem
1015 3032 1096 3096 Β,
1154 3031 1261 3085 alio
1314 3049 1526 3085 rursum
1579 3037 1810 3086 mentem
1864 3032 2130 3100 DEOE’P,
2190 3033 2363 3088 aliud]
2417 3051 2633 3089 rursum
2677 3038 2925 3106 cogitans

657 3117 836 3169 mente
888 3116 994 3170 alio
1047 3115 1190 3184 Mb,
1244 3115 1393 3185 quod
1437 3118 1488 3171 si
1531 3121 1717 3171 tenere
1762 3117 1879 3186 wie,
1932 3117 2277 3172 scribendum
2322 3118 2457 3172 eritt
2512 3120 2664 3173 aliud
2706 3137 2925 3174 rursum

658 3202 904 3270 cogitans
941 3201 1048 3255 alio
1082 3205 1318 3256 mentem
1523 3205 1713 3256 mentu
1751 3203 1798 3258 S
1998 3205 2033 3256 2
2067 3205 2197 3272 pute
2239 3205 2292 3260 G
2496 3207 2531 3259 3
2567 3207 2779 3278 cogitat
2814 3209 2926 3262 AB

654 3305 959 3362 F¹HLRS
1124 3322 1319 3360 nomen
1354 3308 1503 3376 pauli
1540 3307 1590 3363 S
1756 3308 1793 3362 4
1827 3294 2093 3392 symeonis
2132 3309 2180 3363 S
2380 3310 2413 3363 6
2449 3309 2648 3381 anima]
2685 3312 2927 3366 humana
3116 3309 3119 3469 l

653 3409 786 3464 add.
839 3410 892 3465 G
1096 3413 1279 3466 mouat
1329 3410 1542 3466 BG¹R¹
1752 3412 1782 3466 7
1836 3411 2163 3480 figuratione
2218 3413 2272 3466 G
2476 3414 2512 3468 8
2562 3416 2821 3470 rationali
2864 3417 2933 3470 E

655 3495 918 3550 Schottus
939 3496 987 3550 ‘e
1009 3502 1196 3550 uetere
1218 3497 1514 3566 scriptura‘
1709 3498 1778 3551 10
1812 3501 1979 3552 nutus
2016 3498 2167 3565 M2b,
2225 3498 2387 3553 natus
2421 3499 2514 3553 M¹
2709 3503 2772 3557 11
2812 3519 2926 3556 mo-

657 3585 751 3634 uet
784 3581 924 3646 Mb,
984 3584 1268 3636 moueatur
1294 3587 1367 3653 12²
1570 3584 1807 3638 animam
1843 3584 1919 3638 M
1924 3585 1956 3638 b
2159 3600 2417 3638 manuum
2458 3601 2500 3653 p
2708 3590 2926 3641 moueat

653 3701 769 3758 Mb
980 3702 1047 3756 13
1082 3703 1254 3771 possit
1285 3703 1676 3760 ABGGqPR
1883 3703 1950 3758 14
1984 3703 2094 3774 sed]
2134 3704 2182 3757 si
2216 3705 2345 3759 aaa.
2382 3705 2485 3761 Ls
2688 3709 2755 3763 15
2790 3674 2925 3762 ressi-
3115 3714 3116 3728 ¹

653 3803 762 3855 qua
799 3786 846 3841 S
1029 3791 1319 3843 mouentur
1345 3792 1416 3858 10²
1607 3790 1674 3843 16
1708 3788 2022 3858 partibilem
2055 3789 2501 3846 ABDEFMPb
2701 3795 2765 3848 17
2804 3810 2924 3863 par-
3114 3745 3117 3959 Ι

653 3873 828 3926 tibilis
857 3871 1202 3928 ABDEFP
1374 3875 1440 3929 18
1475 3875 1731 3944 partibile
1760 3874 1991 3930 DEFP
2165 3877 2229 3930 19
2264 3878 2522 3945 partibile
2556 3879 2789 3936 DEFP

652 3974 724 4010 an
761 3964 892 4012 ante
928 3959 1262 4028 inquiramus
1298 3959 1430 4014 add.
1471 3961 1525 4014 G
1730 3960 1923 4030 igitur]
1972 3961 2018 4013 si
2054 3959 2186 4016 add.
2233 3961 2347 4015 Mb
2553 3963 2660 4018 disi
2696 3965 2814 4018 cine
2846 3965 2921 4027 A,

657 4043 936 4097 discsicine
971 4045 1059 4108 M,
1118 4043 1353 4099 discindi
1389 4046 1437 4110 b,
1499 4045 1683 4100 dissici
1718 4061 1790 4099 an
1825 4047 1992 4100 secari
2028 4063 2095 4101 ne
2136 4047 2204 4113 G,
2268 4047 2521 4102 dissicine
2555 4051 2671 4104 rell.
2708 4057 2761 4105 et
2800 4051 2923 4106 Sela.

653 4128 871 4195 (dissico
906 4130 945 4182 i.
981 4145 1030 4197 q.
1068 4145 1183 4184 seco
1219 4146 1281 4184 ac
1317 4130 1530 4198 diuido,
1575 4131 1648 4196 cf.
1684 4130 1945 4201 indicem)
2148 4133 2221 4187 20
2264 4136 2328 4188 ut
2362 4151 2462 4189 om.
2514 4136 2675 4200 GM¹‚
2736 4140 2793 4190 et
2826 4141 2927 4190 aut

651 4215 746 4270 uel
780 4219 834 4269 et
869 4231 937 4268 an
975 4216 1226 4270 Schottus
1259 4216 1327 4270 in
1357 4218 1534 4286 notis,
1594 4220 1650 4271 et
1682 4217 1829 4272 idem
1850 4220 1916 4272 in
1936 4223 2093 4274 teaetu
2297 4237 2542 4275 emouere
2584 4222 2651 4287 G',
2712 4239 2927 4277 mouere
3112 4259 3115 4448 1

653 4301 788 4367 Mb,
844 4303 1077 4355 amoueri
1115 4303 1239 4358 Sch.
1413 4321 1510 4373 pro
1545 4320 1648 4362 om„
1684 4303 1814 4370 Mb,
1868 4321 1963 4373 per
2001 4305 2054 4360 G
2235 4311 2439 4376 partem
2478 4308 2784 4365 GHMR¹b

652 4403 750 4442 nec
789 4388 1074 4443 ABDFP
