3175 5050
635 430 716 499 14
1460 423 1705 480 Fausti
1739 422 2054 478 Reiensis

629 617 824 684 iacuit
868 618 935 684 in
981 615 1300 698 sepulcro:
1345 631 1465 697 quo
1510 613 1697 680 modo
1739 631 1863 679 non
1906 614 2003 678 est
2045 613 2281 692 localis,
2328 631 2515 696 qnam
2560 630 2700 680 caro
2744 631 2891 678 con·

631 723 812 800 tinet,
859 723 998 789 nita
1039 719 1388 804 coniungit,
1433 735 1603 784 mors
1645 718 1939 802 separat?
1994 716 2157 800 quod
2186 719 2259 800 si,
2306 721 2377 782 nt
2406 715 2581 792 dicis,
2624 715 2891 782 localem

629 825 1072 890 necessitatem
1133 824 1485 890 animarum
1545 825 1775 890 natura
1834 840 1959 889 non
2018 822 2263 905 recipit,
2308 839 2434 886 non
2478 822 2709 887 desunt
2744 839 2891 902 ergo

627 931 695 994 et
740 927 816 993 de
860 918 1114 1011 regione
1157 925 1434 1008 paradisi
1477 924 1645 1006 illae,
1694 942 1853 1007 quae
1898 942 2145 990 carcere
2190 922 2572 990 clauduntur
2614 922 2889 988 inferni?

625 1030 752 1111 dic,
799 1046 1048 1112 quaeso,
1109 1029 1166 1094 si
1211 1029 1440 1094 locales
1495 1046 1621 1092 non
1665 1029 1833 1106 sunt,
1882 1046 2002 1110 qno
2046 1030 2231 1094 modo
2274 1013 2625 1111 peccatores
2670 1045 2709 1090 a
2754 1044 2891 1091 coe-
2934 1045 2958 1084 ⁵

628 1132 802 1199 tibus
833 1132 1276 1215 consortiisque
1306 1133 1616 1198 iustorum
1649 1135 1906 1203 uastum
1936 1132 2093 1198 illud
2124 1131 2307 1198 chaos
2338 1131 2509 1195 tristi
2540 1128 2893 1195 interiecti-

631 1253 746 1300 one
807 1235 1214 1318 discriminat,
1278 1238 1350 1298 ut
1407 1253 1657 1317 neque
1716 1234 1900 1299 hinc
1959 1234 2105 1301 illo
2150 1234 2477 1315 possint
2522 1233 2891 1298 accedere

631 1359 875 1422 neque
919 1340 1100 1405 inde
1143 1340 1289 1404 huc
1332 1337 1873 1405 transmeare?
1928 1339 2055 1403 iam
2100 1337 2260 1403 illud
2305 1335 2893 1403 manifestissimum

631 1447 744 1518 est,
811 1447 884 1506 ut
929 1445 1279 1525 quantitate
1325 1443 1931 1522 circumscribantur,
2002 1460 2157 1523 quae
2204 1437 2424 1522 spatiis
2472 1439 2891 1505 continentur.

565 1511 586 1659 J
631 1546 690 1611 si
755 1546 1070 1629 agnouisti
1130 1545 1404 1610 animam
1466 1546 1749 1648 lffialegn,
1812 1545 2073 1610 concede
2134 1561 2512 1627 corpoream.
2576 1541 2680 1608 dic
2732 1541 2893 1606 mihi
2914 1564 2959 1603 ιο

631 1669 794 1715 anne
837 1649 973 1732 ipsa
1017 1638 1303 1732 glo‘ri'o's'i
1305 1639 1516 1713 anima
1558 1649 1971 1731 redemptoris
2015 1628 2520 1776 ιιόὲίῖΓΠδΙΐᾳιιΐῦ
2564 1646 2892 1722 mundum,

631 1753 876 1836 quando
923 1753 1304 1817 consurrexit
1351 1753 1427 1816 ad
1473 1753 1764 1820 caelum?

715 1874 848 1956 Ego
915 1877 1125 1938 autem
1193 1893 1270 1937 ne
1339 1875 1596 1954 angelos
1665 1873 1915 1956 quidem
1976 1872 2201 1936 locales
2254 1889 2393 1936 esse
2448 1868 2893 1950 dubitauerim,

625 1994 784 2058 quos
821 1979 1062 2043 certum
1107 1979 1202 2040 est
1249 1995 1416 2040 nunc
1457 1976 1525 2040 in
1570 1959 1944 2041 caelestibns
1991 1975 2317 2054 contineri,
2364 1991 2529 2038 nunc
2574 1992 2685 2056 per
2731 1975 2895 2037 aeris

633 2097 829 2143 uacua
897 2079 1062 2157 ferri,
1130 2097 1296 2143 nunc
1361 2079 1442 2142 ad
1505 2082 1755 2144 terrena
1820 2079 2078 2154 dimitti,
2148 2097 2298 2162 quos
2366 2096 2568 2142 sermo
2604 2077 2893 2141 diuinus
2915 2098 2960 2138 1⁵

633 2181 1163 2246 ascendentes
1234 2185 1306 2246 et
1391 2182 1971 2248 descendentes
2040 2185 2109 2247 in
2184 2181 2577 2265 patriarchae
2649 2181 2896 2245 nisione

629 2285 954 2368 describit,
1019 2287 1125 2368 qui
1184 2286 1400 2369 utique
1459 2288 1511 2352 si
1573 2286 1803 2351 locales
1863 2305 1985 2352 non
2030 2289 2236 2352 essent
2281 2288 2343 2351 et
2386 2285 2799 2386 ubiqueffi
2662 2284 2893 2360 essent,

634 2389 847 2452 adesse
893 2391 1080 2471 atque
1126 2389 1438 2454 discedere
1461 2377 1754 2455 ῑπὸὶῐέιι
1761 2391 2214 2471 “descensuque
2255 2407 2377 2455 non
2396 2364 2799 2470 possent.
2760 2388 2897 2468 ipse

633 2491 1036 2558 beatissimus
1093 2493 1370 2572 Gabriel,
1431 2495 1557 2576 qui
1616 2513 1689 2559 se
1736 2497 1913 2559 ante
1982 2494 2196 2558 deum
2244 2492 2559 2557 adstare
2604 2493 2897 2569 testatur,

633 2614 779 2661 cum
823 2597 1138 2661 caelorum
1184 2597 1508 2662 dominum
1541 2598 1776 2661 Mariae
1807 2597 2265 2663 infundendum
2298 2595 2647 2661 uisceribns
2679 2594 2960 2657 nunti-20

634 2704 771 2771 aret
814 2718 1079 2782 cumque
1139 2701 1252 2766 sub
1313 2702 1659 2766 dominicae
1707 2700 2161 2785 [praeceptione
2206 2698 2639 2782 ordinationis]
2693 2696 2895 2761 oculis

631 2803 952 2891 genitricis
980 2803 1331 2884 adsisteret,
1365 2805 1494 2869 sine
1527 2804 1713 2869 dubio
1746 2804 1916 2869 caelo
1947 2805 2181 2885 deerat,
2214 2804 2414 2868 maria
2443 2821 2564 2868 non
2597 2818 2895 2885 superno-

840 3014 872 3068 ⁷
908 3013 1034 3069 Luc.
1073 3015 1154 3078 16,
1193 3013 1260 3067 26
1466 3013 1533 3067 16
1569 3012 1702 3067 Gen.
1736 3013 1820 3078 28,
1861 3014 1925 3067 12
2127 3013 2193 3067 19
2230 3012 2357 3067 Luc.
2401 3014 2446 3077 l,
2485 3012 2551 3067 19

742 3213 768 3263 1
811 3209 998 3264 localis
1033 3225 1142 3264 non
1176 3210 1258 3263 est
1291 3209 1356 3261 A.
1543 3208 1576 3261 2
1622 3209 1902 3278 coniungit
1936 3209 2056 3263 uita
2089 3209 2143 3262 Z
2164 3209 2423 3265 Ganicius
2620 3212 2900 3280 separatur

633 3294 691 3349 R
896 3295 943 3349 si
979 3295 1060 3364 ut]
1099 3296 1241 3349 sicut
1273 3294 1423 3349 M¹Z
1629 3297 1663 3348 3
1710 3294 1911 3363 recepit
1945 3294 2019 3347 Ζι
2051 3294 2335 3363 Canisius,
2394 3296 2614 3366 respicit
2647 3298 2762 3353 Mb

631 3382 668 3435 4
721 3380 820 3434 illa
870 3380 1308 3437 ABGEFHRS
1509 3382 1542 3435 6
1596 3381 1829 3450 uastum]
1882 3380 2090 3435 iustum
2143 3381 2402 3436 Oanisius
2606 3382 2715 3436 fnit
2767 3389 2901 3439 ante

631 3464 773 3520 illud
806 3468 1006 3521 imerit
1040 3467 1110 3520 H
1273 3465 1431 3520 cahos
1466 3465 1591 3521 MR
1606 3466 1637 3519 b
1844 3466 1874 3520 7
1910 3466 2050 3521 illud
2086 3468 2141 3520 Z
2306 3468 2480 3535 possit
2513 3469 2567 3522 Z
2739 3471 2773 3523 9
2810 3469 2895 3539 ut]

632 3551 775 3620 qnod
829 3552 900 3606 M
907 3552 938 3606 b
972 3552 1229 3608 Canisius
1449 3553 1511 3606 11
1568 3552 1748 3605 anima
1802 3553 2029 3621 gloriosi
2083 3552 2189 3607 Ma
2396 3554 2463 3609 12
2511 3556 2788 3625 consurgit
2842 3556 2899 3623 S,

632 3640 866 3692 surrexit
898 3638 973 3692 M
976 3640 1034 3704 b,
1094 3636 1402 3692 conscendit
1440 3638 1491 3692 Z
1518 3638 1783 3694 canisius
1991 3640 2055 3693 13
2102 3655 2199 3693 nec
2241 3640 2354 3694 Mb
2563 3642 2630 3696 14
2675 3645 2758 3696 est
2794 3657 2899 3697 om.

633 3725 692 3779 Z
710 3724 974 3779 Cani-sius
1179 3726 1338 3778 nunc'
1371 3724 1447 3792 in]
1503 3740 1599 3777 nec
1652 3726 1711 3777 in
1769 3725 1800 3778 b
2018 3725 2085 3779 15
2138 3740 2370 3780 uacuum
2421 3726 2477 3780 Z
2502 3727 2761 3783 canisius

635 3812 700 3865 17
740 3810 1023 3880 descripsit
1060 3810 1200 3875 Mb,
1262 3808 1511 3864 discribit
1547 3811 1602 3865 R
1793 3811 1887 3879 qui
1922 3827 2023 3867 om.
2059 3810 2111 3864 Z
2136 3812 2395 3867 canisius
2593 3813 2660 3867 18
2693 3813 2899 3868 discen-

633 3898 758 3951 dere
811 3898 866 3951 Z
1068 3896 1412 3965 discensoqne
1468 3896 1522 3949 Z
1722 3898 1932 3967 possint
1984 3897 2211 3955 MRSZ
2410 3900 2629 3968 ipseque
2679 3900 2909 3955 ABEF

634 3982 755 4039 HR
779 3983 900 4037 Sch.
1155 3982 1219 4035 19
1271 3980 1515 4050 gabrihel
1568 3982 1839 4037 ABHSZ
2092 3982 2369 4039 dominum
2420 3985 2474 4038 Z
2506 3984 2765 4040 Cani-sius

635 4072 779 4122 stare
813 4068 922 4121 Ma
956 4072 1009 4121 et
1044 4066 1296 4122 Schottus
1489 4068 1556 4123 21
1593 4068 1958 4137 praeceptione
1994 4068 2369 4140 ordinationis]
2404 4086 2507 4125 om.
2544 4070 2599 4125 Ζ
2626 4070 2902 4137 canisius,

633 4154 989 4223 precepcionis
1023 4154 1362 4209 ordinacione
1395 4155 1495 4221 M,
1551 4154 1705 4210 deest
1738 4155 1894 4224 apud
1936 4154 2134 4210 Claud.
2170 4156 2432 4211 Mamert.
2468 4158 2593 4212 libr.
2632 4157 2754 4212 III
2778 4175 2901 4227 cap.

645 4257 734 4313 VI
757 4343 769 4355 ⁸
851 4326 898 4398 0
930 4257 998 4311 22
1052 4246 1272 4313 ιιᾱείεἶά
1325 4260 1415 4323 Μ,
1491 4260 1712 4313 assistat
1765 4260 1796 4313 b
2004 4258 2205 4329 deerat]
2262 4264 2379 4315 erat
2426 4262 2475 4311 Z
2505 4260 2764 4316 canisius

633 4358 801 4397 marie
