3175 5050
2438 470 2583 518 XXV

331 641 622 718 aduertes
665 642 1036 706 exarandum
1081 640 1231 703 erat.
1273 673 1360 686 —
1409 639 1548 718 111,
1599 639 1634 703 7
1680 642 1753 702 ut
1794 637 2018 702 exinde
2066 639 2178 720 (M,
2226 658 2301 702 ex
2332 637 2399 716 G,
2432 640 2582 704 exin

333 745 500 825 rell.)
537 743 879 826 probatum
906 742 1096 807 uelis.
1139 743 1210 807 M
1253 744 1423 827 sequi
1455 762 1580 808 non
1625 743 1947 818 debebam,
1994 742 2221 826 quippe
2248 741 2357 824 qui
2388 740 2578 806 etiam

331 847 532 912 altero
576 847 710 912 loco
754 847 909 912 falso
963 849 1224 912 eandem
1267 864 1488 912 uocem
1535 846 1827 912 exhibeat
1874 845 1975 926 19,
2028 849 2060 910 1
2106 845 2315 910 multa
2358 844 2583 909 exinde

339 951 423 1028 (D
439 952 528 1028 M,
573 949 799 1016 exhinc
842 951 1003 1031 rell.)
1054 951 1348 1016 deriuare
1377 951 1637 1033 poterit,
1696 951 1805 1016 ubi
1847 949 2097 1014 lectioni
2140 948 2367 1014 exinde
2408 948 2583 1012 nulla

337 1053 578 1119 accedit
622 1055 964 1118 auctoritas
1013 1053 1244 1118 codicis
1292 1055 1345 1118 D
1379 1053 1756 1136 testimonie,
1804 1073 1947 1119 cum
1979 1051 2153 1118 facili
2182 1051 2433 1133 negotio
2462 1050 2585 1114 iste

336 1175 664 1222 consensus
709 1158 1066 1240 explicetur,
1115 1157 1170 1222 si
1214 1157 1398 1222 exinc
1441 1157 1737 1222 deriuare
1780 1157 1849 1221 in
1892 1157 2075 1240 libre,
2122 1174 2195 1222 ex
2226 1172 2345 1236 quo
2376 1156 2433 1218 D
2476 1153 2584 1218 de-

335 1260 605 1341 scriptus
647 1263 758 1338 est,
816 1261 1146 1338 exstitisse,
1204 1261 1366 1324 unde
1410 1260 1653 1325 adscita
1695 1260 2009 1343 sequentis
2054 1257 2341 1324 uocabuli
2384 1254 2589 1339 prima

337 1361 582 1444 syllaba
624 1361 848 1426 exinde
893 1363 1027 1426 fieri
1069 1362 1361 1446 potuerit,
1409 1362 1739 1426 sumimus.
1816 1361 2207 1428 scribendum
2249 1360 2461 1441 itaque
2492 1364 2585 1424 est

335 1466 470 1530 leco
515 1467 716 1546 priore
747 1466 916 1542 exin,
961 1467 1302 1547 posteriore
1344 1464 1587 1530 exhinc.
1622 1501 1707 1514 --
1740 1466 1885 1545 112,
1923 1465 2001 1530 16
2030 1481 2189 1528 nam
2216 1467 2273 1528 et
2302 1462 2585 1527 numeris

343 1567 456 1649 (M,
503 1569 755 1632 numeri
797 1570 960 1652 rell.)
1009 1570 1086 1634 in
1129 1570 1492 1650 corporibus
1537 1573 1739 1633 certus
1782 1572 1875 1634 est
1914 1567 2137 1632 modus
2168 1571 2229 1632 et
2249 1567 2587 1648 pondiculi

337 1670 620 1734 trutinae
677 1675 914 1738 certum
957 1678 1044 1737 est
1087 1673 1378 1754 pondus:
1436 1672 1833 1738 scribendum
1890 1690 2021 1736 esse
2066 1671 2321 1736 numeri
2363 1670 2468 1735 uel
2514 1689 2587 1733 ex

331 1773 672 1854 pondiculi
735 1777 1020 1859 genetiuo
1091 1779 1347 1859 apparet
1413 1795 1611 1857 neque
1670 1775 1738 1839 in
1796 1774 2099 1858 singulari
2156 1791 2413 1838 numero
2456 1772 2585 1837 ullo

337 1881 516 1961 pacto
571 1878 1002 1944 offendendum
1061 1881 1156 1944 est
1211 1879 1317 1962 (cf.
1365 1880 1468 1958 92,
1515 1879 1599 1944 26
1644 1883 1825 1960 sqq.).
1871 1915 1957 1926 —
2005 1879 2147 1956 114,
2193 1879 2253 1942 9.
2280 1875 2589 1957 quaelibet

339 2000 479 2063 erqo
519 1985 723 2046 terrae
755 2000 922 2062 pars
964 2002 1203 2064 mayna
1245 1981 1351 2047 uel
1394 1983 1671 2046 minima
1716 1986 1833 2046 aut
1875 1981 2145 2062 lapillus
2189 1981 2451 2062 exiyuus
2480 1978 2584 2044 uel

335 2084 804 2148 minutissimus
833 2084 1258 2165 puluisculu3‚
1306 2086 1418 2165 qui
1447 2089 1692 2166 puncto
1734 2084 1984 2148 uisibili
2028 2084 2312 2166 continyi
2356 2101 2585 2165 neque-

337 2190 454 2252 ant
497 2187 613 2270 (M,
657 2206 786 2251 non
829 2191 1018 2268 queat
1059 2188 1247 2270 rell.),
1293 2187 1524 2252 habent
1553 2188 1661 2270 (Μ,
1709 2187 1889 2252 habet
1916 2189 2079 2269 rell.)
2125 2191 2185 2251 et
2224 2206 2590 2250 mensuram

336 2294 478 2354 etc.:
537 2292 930 2355 enuntiatum
975 2291 1312 2354 relatiuam
1367 2309 1492 2355 non
1551 2310 1731 2373 posse
1791 2292 1912 2356 nisi
1980 2291 2060 2355 ad
2122 2289 2592 2354 minutissimus

331 2391 740 2474 puluisculus
782 2393 998 2458 referri
1045 2412 1227 2458 sensu
1273 2393 1605 2471 euincitur,
1669 2412 1857 2476 quare
1904 2396 2071 2458 certe
2116 2413 2249 2456 non
2291 2396 2485 2474 queat
2528 2394 2591 2456 et

339 2495 405 2561 ni
470 2494 653 2560 fallor
720 2495 910 2561 etiam
976 2494 1162 2561 habet
1213 2495 1610 2561 scribendum
1667 2499 1820 2561 erat.
1870 2533 1949 2543 —
2000 2495 2143 2572 114,
2200 2495 2287 2561 20
2328 2495 2483 2576 quia
2536 2498 2593 2558 et

339 2618 546 2681 aquae
585 2598 840 2681 yuttula
885 2600 1000 2680 (M,
1042 2602 1362 2683 yuttulam
1404 2601 1597 2684 rell.),
1658 2621 1849 2682 quam
1894 2601 2091 2683 diqito
2143 2600 2339 2665 tincto
2382 2603 2593 2665 sustu-

339 2700 509 2781 leris,
543 2701 725 2767 habet
755 2704 864 2784 (M,
895 2702 1216 2767 habentem
1245 2704 1408 2786 rell.)
1455 2755 1470 2768 .
1495 2754 1512 2770 .
1539 2754 1554 2770 .
1581 2752 1599 2768 .
1640 2724 2005 2769 numerum:
2052 2704 2179 2785 leye
2200 2702 2505 2783 ponderis
2536 2702 2621 2765 si.

339 2804 629 2883 dimittas
670 2824 810 2869 eam
857 2806 968 2887 (Μ,
1015 2826 1152 2871 eam
1185 2824 1305 2871 om.
1337 2806 1500 2889 rell.)
1533 2808 1609 2871 in
1638 2826 1797 2886 aere,
1843 2826 1975 2871 non
2004 2806 2262 2871 residet:
2310 2824 2428 2871 non
2462 2824 2595 2870 esse

339 2907 676 2991 genuinam
709 2908 933 2973 codicis
962 2910 1034 2973 M
1076 2910 1407 2975 lectionem
1453 2909 1609 2975 mihi
1638 2910 1933 2992 persuasi.
1992 2928 2191 2991 neque
2222 2925 2368 2973 uero
2398 2910 2593 2973 inter-

339 3008 674 3090 polationis
703 3029 892 3076 causa
922 3011 1194 3075 difficilis
1227 3017 1320 3077 est
1349 3014 1426 3077 ad
1457 3013 1966 3097 intellegendum.
2009 3012 2275 3077 offensus
2305 3013 2469 3075 enim
2500 3014 2595 3075 est

344 3117 651 3177 corrector
707 3114 774 3177 in
831 3115 1187 3181 accusatiuo
1239 3116 1559 3198 yuttulam
1616 3116 1682 3180 in
1736 3116 1921 3180 initio
1966 3116 2231 3199 protasis
2287 3115 2596 3179 enuntiati

343 3215 788 3281 condicionalis
833 3217 1150 3300 collocato,
1195 3220 1299 3299 qui
1344 3218 1411 3282 in
1455 3220 1708 3300 apodosi
1753 3218 2015 3283 subiecti
2060 3218 2269 3283 locum
2315 3219 2593 3298 occupat.

344 3317 454 3382 sed
499 3316 631 3399 ipse
661 3318 1036 3385 Claudianus
1082 3320 1277 3386 simili
1323 3323 1536 3405 utique
1581 3321 1760 3385 modo
1806 3321 1959 3385 dicit
2006 3320 2149 3401 123,
2182 3321 2254 3385 3:
2302 3319 2595 3400 quid-ho-

345 3420 626 3487 minibus
665 3422 802 3505 fiat,
856 3442 1042 3504 quos
1087 3443 1231 3487 cum
1273 3444 1340 3488 eo
1384 3444 1576 3505 usque
1625 3424 1884 3488 inscitia
1930 3427 2151 3509 teneat,
2197 3428 2272 3487 ut
2313 3424 2597 3488 indoctos

341 3542 411 3587 se
453 3542 580 3590 esse
623 3526 929 3603 nesciant,
960 3526 1258 3592 scientiae
1286 3526 1709 3591 nihilominus
1728 3527 2149 3609 priuileyium
2176 3527 2299 3592 sibi
2329 3528 2472 3591 uin
2485 3528 2528 3592 d
2540 3528 2597 3589 i-

347 3630 552 3693 cant.
605 3666 676 3676 —
731 3630 872 3705 137,
923 3631 1002 3693 12
1063 3630 1570 3716 compotatoribus
1626 3633 1983 3713 scripsimus
2008 3642 2016 3649 '
2042 3649 2185 3711 cum
2228 3630 2488 3694 Barthio
2534 3633 2599 3692 et

348 3728 628 3811 Schotto,
676 3734 780 3814 qui
813 3732 1083 3799 codicem
1119 3734 1170 3797 Τ
1215 3734 1725 3815 conputatoribus
1762 3733 2063 3813 exhibere,
2112 3736 2271 3815 quod
2304 3732 2497 3797 etiam
2528 3731 2598 3795 M

346 3833 626 3917 praebet,
657 3833 830 3900 dicit.
875 3836 1134 3901 eandem
1165 3838 1329 3902 certe
1357 3840 1491 3903 ueri
1521 3837 2001 3903 similitudinem
2034 3838 2223 3901 habet
2253 3834 2599 3917 conpotori-

345 3932 480 4019 bus,
528 3939 688 4019 quod
720 3956 790 4001 ex
820 3938 1211 4021 reliquorum
1241 3939 1544 4005 librorum
1586 3941 1893 4022 scriptura
1936 3935 2379 4021 conputoribus
2424 3937 2597 4001 nullo

349 4037 599 4120 negotio
644 4039 979 4105 lucramur.
1032 4078 1104 4089 —
1161 4043 1302 4121 142,
1354 4043 1432 4107 18
1477 4044 1780 4125 quomodo
1822 4043 2045 4107 absens
2086 4059 2339 4123 corpore
2366 4058 2447 4115 es,
2491 4038 2599 4103 ubi

347 4138 616 4219 spiritus
632 4161 944 4221 praesens
970 4144 1079 4225 (M,
1111 4146 1346 4227 spiritu
1365 4166 1663 4226 praesens
1685 4166 1747 4213 es
1770 4146 1933 4228 rell.)
1960 4144 2307 4228 elegantius
2331 4142 2598 4225 quidem,

349 4243 455 4307 sed
515 4260 639 4307 non
694 4246 926 4311 rectius
984 4248 1224 4313 dictum
1281 4252 1393 4328 est,
1440 4268 1630 4332 quare
1674 4251 1739 4323 si⁸
1772 4248 1910 4333 quis
1956 4248 2221 4313 alteram
2264 4246 2599 4311 lectionem

353 4346 636 4429 estituat,
694 4349 798 4415 uix
841 4349 1072 4433 poterit
1115 4352 1501 4435 reprehendi.
1549 4391 1635 4403 -
1684 4352 1851 4435 144,⁸
1876 4352 1915 4417 6
1961 4370 2118 4415 nam
2180 4369 2329 4417 cum
2371 4365 2434 4412 se
2483 4349 2593 4430 (M,
